2784 5167
378 644 387 653 s

553 864 882 952 ΡΗΒΙΠ.Ι
1112 897 1187 982 471

205 1061 317 1145 dabis
341 1054 512 1137 Domino
540 1057 627 1136 Deo
649 1077 715 1133 tuo
741 1053 891 1135 reddere
913 1076 1061 1153 votztm,
1089 1061 1192 1163 quod

206 1163 357 1261 enuisti,
379 1158 468 1264 quio
483 1162 645 1261 requiret
662 1157 758 1237 illud
771 1159 960 1238 Dominus
971 1160 1080 1241 Deus
1090 1184 1190 1255 tuus,

207 1286 247 1345 et
255 1265 295 1365 fi
315 1281 484 1341 moratus
496 1265 639 1357 suerin,
666 1260 905 1348 reputabitur
920 1262 992 1342 tibi
1008 1263 1192 1370 inpecca-

207 1390 296 1447 tum.
349 1370 545 1443 Dnvnnn.
566 1363 726 1441 XXIII.
749 1389 808 1441 αι.
833 1367 1034 1445 concordat
1055 1371 1191 1470 regula

204 1473 307 1551 iuris
327 1468 366 1544 in
387 1465 412 1543 l.
445 1489 501 1555 tu.
518 1464 593 1567 dig.
610 1465 655 1543 de
670 1491 744 1566 reg.
771 1463 840 1541 iur.
865 1491 959 1568 quae
978 1469 1192 1571 praecipit,

205 1574 312 1677 quod
327 1571 366 1648 in
384 1569 558 1649 omnibus
579 1566 880 1672 obligationibus,
897 1569 936 1645 in
956 1572 1090 1670 quibus
1107 1571 1190 1647 dies

207 1701 286 1752 non
302 1671 475 1779 ponitur,
501 1671 689 1777 praesenti
710 1669 771 1747 die
797 1672 987 1749 debeatur.
1030 1672 1186 1749 sivero

208 1778 409 1858 obscurum
427 1770 492 1867 fit,
522 1775 610 1873 quid
623 1795 661 1851 et
676 1791 860 1876 quantum
875 1797 925 1849 ex
944 1794 1036 1851 voto
1057 1773 1188 1849 debea-

207 1900 295 1973 tur,
322 1876 507 1953 minimum
527 1875 593 1975 este
603 1871 831 1978 fhquendum
848 1872 966 1952 <liciat
983 1872 1113 1976 regula
1133 1873 1187 1950 iu·

208 1980 269 2057 ris
288 2005 347 2082 30.
363 1979 403 2057 in
425 1979 460 2060 V
458 1980 488 2060 Ι.
505 1982 602 2081 quod
623 1975 802 2060 conuenit
822 2005 853 2055 c.
877 1989 933 2070 18.
955 1971 1001 2055 de
1021 1973 1150 2074 ceizfib.

576 2253 614 2360 ς.
645 2259 832 2337 DCXXII.

304 2458 531 2564 Dffrluitm
541 2461 722 2566 obligatio
729 2464 809 2542 voti
828 2466 879 2568 1.)
887 2424 1110 2542 irritatione.

298 2628 362 2711 Ex
379 2624 559 2714 haetenus
573 2635 684 2715 diuis
702 2640 858 2717 euidens
878 2635 941 2730 est,
960 2634 1045 2714 voti
1064 2631 1191 2739 legiti·

210 2756 277 2813 me
304 2736 398 2815 editi
424 2740 690 2843 obligationem
719 2740 793 2821 effe
813 2740 1047 2828 naturalem,
1074 2760 1113 2815 et
1129 2736 1199 2815 ‚in-

213 2854 392 2929 ternam,
435 2845 611 2940 nullaque
649 2844 875 2923 austoritate
907 2842 1071 2919 humana
1109 2835 1197 2915 tolli

212 2937 327 3041 polle.
379 2941 451 3017 Sed
474 2945 560 3043 quia
584 2942 689 3021 actus
705 2946 936 3025 subditorum
953 2969 1028 3021 non
1046 2944 1130 3017 sunt
1154 2939 1197 3015 in

213 3042 329 3223 plena
366 3069 495 3121 eorum
531 3047 738 3145 potestate,
786 3050 901 3127 seda
940 3040 1196 3145 superioribus

234 3145 293 3221 uis
325 3148 561 3246 dependent,
598 3169 637 3224 et
665 3175 731 3251 per
758 3144 992 3250 consequensv
1013 3142 1198 3230 inferior,

214 3266 294 3429 pua
327 3249 487 3325 inferior
522 3250 593 3339 est,
630 3272 813 3350 quatenus
847 3249 994 3327 scilieet
1021 3244 1198 3323 eius'ius

208 3434 212 3439 ,
236 3350 286 3426 ub
303 3351 484 3453 potestate
506 3351 708 3452 superioris
734 3353 970 3440 continetur,
997 3346 1198 3446 obstringe·

215 3474 261 3527 re
279 3478 356 3529 non
372 3453 407 3532 le
419 3454 547 3556 potest,
568 3453 634 3557 nist
652 3477 836 3557 quatenus
853 3453 1040 3553 superiori
1061 3450 1099 3527 id
1119 3450 1200 3550 pla·

214 3552 384 3633 titutum
415 3556 525 3646 effen
562 3558 676 3634 facile
702 3557 960 3659 intelligitur,
1005 3551 1198 3656 quomodo

215 3654 368 3758 irritari
392 3659 524 3760 pollint
550 3682 640 3737 vota
664 3687 686 3736 a
706 3658 960 3761 superioribus
978 3650 1196 3735 ecclefiasti-

207 3756 300 3859 eis,
327 3788 349 3835 a
378 3762 803 3860 patribusfamiliarum‚
828 3788 850 3838 a
875 3760 1050 3845 dominis,
1078 3780 1201 3834 ama·
1293 3798 1299 3810 ·

215 3862 306 3939 titis
324 3862 363 3938 in
382 3864 462 3954 his,
489 3889 584 3967 quae
598 3866 800 3958 dominici,
829 3866 892 3942 vel
907 3858 1091 3941 maritalis
1114 3860 1201 3935 sunt

211 3962 337 4045 ¹iuris:
363 3967 422 4042 his
441 3968 541 4042 enim
557 3969 621 4042 vel
641 3960 880 4045 voluntatem
904 3962 1106 4047 vouentiS.
1134 3956 1201 4035 vel

216 4067 419 4147 materiam
446 4071 535 4144 voti
563 4071 692 4161 olene,
728 4074 795 4146 vel
825 4069 950 4146 minus
982 4066 1094 4168 plene
1124 4060 1203 4140 sub·
1315 4079 1317 4085 ’

217 4170 356 4251 tettan
381 4170 453 4249 effe
472 4169 574 4246 omni
598 4171 681 4247 iure
703 4194 851 4250 certnn
872 4174 934 4258 est,
958 4164 1025 4247 etsi
1047 4164 1084 4239 in
1109 4162 1202 4239 iure·

221 4271 382 4352 iurando
401 4274 507 4353 debet
525 4271 682 4373 intelligi
698 4271 971 4378 iursttperioris
987 4276 1200 4370 euceptunt,

221 4400 271 4456 vt
292 4379 460 4480 loquitur
484 4377 714 4455 Poeninae
738 4408 767 4455 c,
793 4402 848 4478 19.
869 4372 914 4452 de
937 4356 1203 4450 iureiur.'idem

225 4505 280 4561 ex
300 4483 499 4565 identitate
523 4480 696 4649 rationipi
707 4482 749 4560 in
767 4500 861 4562 voto
882 4480 1014 4561 locum
1038 4473 1204 4646 happbit.

718 4603 782 4669 aa
1126 4592 1169 4640 0c
