2784 5167
212 860 264 944 74
313 842 724 920 Ivmsnnvnnnmn
746 841 1140 936 Eccnnsusntcnn,

294 1027 360 1092 duo
379 1023 533 1124 benefitia
550 1027 668 1091 habete
685 1041 844 1112 nequeat,
868 1046 1003 1110 quorum
1019 1029 1212 1111 quodlibet·

297 1127 438 1192 congrua
458 1113 605 1177 alanenta
625 1112 779 1195 praebet,
791 1115 878 1207 ¹licet
896 1113 1084 1198 obligationi
1107 1115 1196 1178 satis-

297 1190 541 1362 §Zffipollet
586 1197 700 1260 Tntn.
735 1196 799 1279 sel]-
832 1195 960 1261 XXIV.
993 1216 1136 1311 “P-317·
1161 1194 1197 1260 de

630 1501 669 1606 l·
696 1504 777 1582 cx.

191 1712 290 1794 ·Ex
309 1705 531 1815 pluralitate
557 1704 854 1888 'dloramlautem
879 1706 998 1786 multa
1014 1705 1194 1785 oriuntur

239 1874 244 1889 .
647 1837 760 1888 maa.
1182 1846 1184 1851 ·

304 1978 497 2061 Beneficia
506 1977 776 2084 compatibilia,
787 1985 1095 2084 quemadmodum
1109 2007 1199 2086 pan·

219 2091 259 2166 lo
284 2106 372 2163 ante
397 2107 646 2164 memoratum
664 2087 734 2182 est,
763 2112 807 2165 ea
835 2089 941 2181 sunt,
970 2111 1067 2191 quae
1087 2084 1200 2187 copu-

194 2238 196 2244 ι
219 2188 401 2268 lationem
433 2189 632 2290 quamdam
658 2213 734 2265 non
761 2192 983 2271 detreltant.
1040 2187 1122 2267 Etsi
1149 2185 1201 2264 ni·

220 2293 279 2372 hil
295 2315 345 2368 ex
374 2293 524 2370 licatius
542 2315 704 2371 canones
722 2293 867 2395 antiqui
886 2296 932 2369 de
949 2291 1204 2381 iis'teferunt,

220 2316 419 2500 operolitm
439 2415 567 2474 tamen
587 2391 731 2492 nonest
752 2396 986 2502 intelligere,
1015 2396 1106 2498 quid
1131 2388 1201 2493 ipli

220 2499 400 2588 mallent,
428 2519 514 2574 cum
549 2522 667 2574 vnum
684 2498 867 2575 clericum
887 2499 1058 2600 pluribus
1077 2496 1200 2574 eccle·

223 2594 285 2678 stis
318 2594 473 2701 praefici
499 2600 734 2703 prohibeant.
789 2598 866 2702 lpla
895 2599 1120 2681 reclamatio
1148 2619 1202 2675 ex

221 2702 353 2779 multis
371 2701 555 2799 capitibus
572 2727 595 2778 a
617 2696 871 2798 benificiorum
892 2699 1118 2802 pluralitate
1136 2697 1203 2797 al›·.¹

222 2802 361 2880 horret.
416 2804 590 2907 Inprimis
614 2805 715 2885 enim
741 2800 934 2882 beneficiis
961 2803 1116 2908 lingulis
1145 2800 1204 2878 of·

222 2901 312 2985 ficia
343 2927 460 3084 aeffue
496 2905 640 3010 fingula
672 2908 932 2986 adnectuntur.
960 2935 1040 2986 can.
1071 2933 1102 2982 1.
1125 2902 1206 3001 ast.

224 3005 396 3089 LXXX
418 3005 470 3082 X.
499 3010 554 3088 ita
572 3027 617 3084 vt
643 3035 763 3088 vnum
790 3008 959 3089 officium
985 3009 1057 3085 vix
1089 3006 1205 3110 digne

225 3114 356 3189 valeat
377 3113 516 3213 aliquis
541 3112 746 3215 adimplere
764 3137 846 3211 cap.
870 3138 898 3187 ι.
921 3109 966 3186 de
985 3115 1084 3212 confi
1100 3109 1142 3184 in
1163 3106 1226 3198 65,

226 3210 362 3291 Ellene
386 3213 505 3318 igitur
525 3215 727 3316 quidquam
750 3243 773 3292 a
794 3216 852 3291 SS.
870 3239 1054 3291 canonum
1079 3206 1206 3313 aequi·

226 3334 308 3393 tate
343 3317 460 3421 magis
490 3313 650 3392 alienum
686 3316 804 3419 potest
840 3318 908 3394 illo
950 3311 1209 3412 beneficiorum

228 3421 421 3521 congestu,
456 3421 521 3519 qui
547 3421 659 3498 hodie
688 3445 739 3496 ex
765 3419 882 3497 abusu
906 3418 947 3498 in
981 3417 1090 3494 vlam
1126 3413 1209 3492 fere

228 3523 306 3599 iam
343 3522 463 3603 abiit?
498 3549 580 3626 cap.
607 3547 640 3621 3.
665 3520 710 3598 de
736 3520 818 3599 cler.
862 3549 936 3596 aon
968 3514 1072 3616 refid.
1107 3534 1206 3593 extr.

229 3623 399 3702 execrat.
416 3645 453 3718 4.
475 3623 543 3700 int.
568 3648 659 3701 cam.
684 3620 717 3700 lz.
745 3643 771 3706 t,
825 3624 1000 3725 Denique
1027 3617 1118 3722 quid
1139 3610 1211 3734 fill

230 3725 304 3806 Pia
319 3725 564 3807 fundatorum
587 3728 764 3804 voluntas
784 3725 1052 3814 defraudatur,
1080 3741 1121 3799 et
1141 3743 1212 3796 vm

231 3829 424 3907 decoctori
434 3849 601 3932 paratur
618 3823 784 3930 vagandi
801 3825 981 3916 materia,
1009 3820 1128 3900 diuini
1142 3813 1215 3900 cul·

232 3952 296 4008 tus
326 3928 564 4024 minuantur,
590 3923 831 4033 hospitalitas
853 3930 891 4006 ia
916 3927 1003 4023 insta
1026 3920 1216 4024 beneficiis

234 4031 362 4112 debita
378 4061 452 4110 non
461 4038 650 4137 seruatur.
668 4042 673 4051 '
702 4031 821 4109 Extr.
840 4031 902 4108 cit.
925 4028 1058 4106 Effene
1073 4023 1218 4104 tellina

234 4138 327 4236 quid
345 4136 462 4239 potest
479 4135 558 4214 diui
575 4139 711 4212 Tnont
724 4157 771 4210 tn
793 4132 1003 4212 sententia?
1025 4124 1128 4230 quod
1144 4121 1211 4203 lib.

236 4237 314 4315 IX.
347 4243 482 4341 quatst.
507 4235 592 4317 Vll.
613 4257 686 4314 art.
713 4261 766 4314 11.
798 4239 993 4326 pluralitas
1013 4226 1217 4310 beneficio·

238 4363 325 4416 rum
351 4343 632 4423 adnumeranda
660 4339 713 4416 est
732 4338 961 4432 aldionibus,
988 4361 1086 4516 qua?
1113 4325 1219 4411 abso·

1084 4455 1171 4526 ute,
