2784 5167
191 905 198 924 ·
282 909 329 964 rc
381 883 1195 986 rvmsnvnaumnuncinusncm,

278 1069 390 1150 causa
417 1068 612 1166 dimiserit,
640 1068 703 1150 sed
729 1067 964 1172 requiritur,
989 1094 1034 1153 vt
1061 1072 1115 1152 ita
1132 1076 1255 1155 conti·

278 1194 388 1263 nuet,
408 1195 453 1251 ac
470 1173 599 1272 paffim
620 1172 785 1251 vestibus
811 1172 1009 1253 laicalibus
1028 1196 1194 1266 utatur,
1208 1196 1256 1257 vt

278 1272 587 1372 vesiescltricales
600 1271 789 1375 abieciffe,
808 1296 849 1355 et
873 1296 920 1354 vt
935 1279 1105 1378 loquitur
1133 1302 1261 1356 Tu11).¹

273 1376 356 1476 [effi
369 1374 484 1456 XIV.
505 1404 589 1482 cap.
607 1377 641 1453 6.
656 1383 774 1483 parui
785 1374 951 1484 pendiffe
962 1382 1041 1460 dici
1056 1401 1182 1484 queat.

673 1581 713 1685 §-
739 1587 878 1664 xum.

303 1726 371 1828 11.)
396 1719 582 1807 advitae
600 1725 900 1850 aedificationem
923 1724 1123 1830 neceffaria
1132 1729 1230 1829 sunt

230 1884 231 1889 Ν
718 1859 838 1912 varia.

358 2013 479 2093 Nouit
495 2013 668 2110 ecclesn,
677 2015 811 2097 habitu
825 2043 900 2096 nou
917 2013 1004 2095 fieri
1016 2011 1261 2107 monachum,

282 2138 355 2196 nec
381 2116 487 2195 vitae
519 2118 805 2200 sanctimoniam
835 2142 923 2198 cum
949 2119 1115 2197 vestibus
1134 2116 1262 2193 indui.
1297 2163 1301 2169 -

279 2221 342 2298 Ad
359 2219 588 2299 honestatem
608 2223 832 2303 clericalem
854 2245 966 2324 quam
986 2218 1156 2299 maxime
1181 2215 1265 2320 spe·

280 2319 358 2401 stat
376 2325 438 2419 ll.)
465 2325 611 2402 VITAE
647 2331 967 2421 Aitnrrtcacro,
993 2323 1059 2402 seu
1080 2325 1264 2398 Monvu

280 2426 575 2512 Inuocaum,
584 2452 697 2532 quam
718 2428 773 2533 1.)
792 2425 1078 2520 incontinentia,
1098 2419 1267 2520 etfami-

282 2524 417 2605 liarior
434 2554 521 2607 cum
540 2530 765 2606 mulieribus
792 2527 1042 2606 conuersatio.
1070 2528 1125 2626 a.)
1148 2520 1268 2599 ebrie-

284 2648 423 2722 tas,et
441 2634 491 2730 3.)
502 2625 718 2728 sciarilitas
744 2628 957 2717 destruunt,
983 2652 1079 2730 quae
1106 2623 1205 2704 vitia
1222 2622 1280 2704 fi·-

285 2753 355 2810 cut
371 2730 411 2807 in
430 2732 533 2811 omni
560 2730 717 2810 homine
743 2729 982 2824 christiano,¹
998 2731 1054 2807 ita
1077 2726 1265 2835 lingulati

283 2831 431 2911 ratione
449 2830 489 2911 in
505 2833 648 2915 clerico
664 2834 819 2914 minime
837 2835 1034 2914 toleranda
1051 2831 1148 2913 suut.

680 3033 719 3140 s.
770 3039 872 3116 ux.

291 3183 330 3284 1)
357 3178 624 3275 Continentia,
657 3205 769 3285 quant
799 3182 993 3301 concilium
1021 3179 1269 3265 tridentinum

676 3305 882 3392 praecipit.

177 3580 180 3585 ,
365 3487 492 3585 Quatn
511 3503 642 3591 turpe,
660 3516 707 3566 ac
730 3486 944 3568 clericorum
964 3488 1131 3585 nanzine,
1150 3487 1214 3604 qui
1220 3491 1270 3591 fi

285 3583 413 3666 diuino
442 3586 558 3668 cultui
582 3586 836 3676 addixerunt,
844 3589 900 3688 fit
917 3586 1129 3691 indignum,
1150 3619 1192 3666 cn
1206 3589 1275 3668 im·

278 3688 490 3795 pudicitiae
501 3689 699 3793 sordibus.
729 3691 986 3794 immundoque
1018 3690 1274 3771 concubinatu

287 3792 447 3894 versari,
469 3795 565 3886 fatis
591 3819 651 3870 res
677 3794 762 3898 ipsa
785 3793 967 3873 communi
991 3796 1152 3871 omnium
1170 3789 1274 3889 fide·

287 3894 376 3974 liam
399 3891 620 3993 offensione,
637 3899 786 3994 fantino
814 3926 858 3973 ae
895 3893 1076 3975 clericalis
1090 3906 1094 3917 “
1108 3892 1268 3971 militiae

287 3994 634 4094 dedecorctestatur
657 4000 746 4076 trid.
785 3923 861 4078 iet.
888 4003 1008 4078 XXV.
1029 4024 1098 4098 cap
1135 4017 1193 4090 14.
1221 3998 1274 4073 ὼ

287 4102 444 4180 reform.
472 4096 654 4179 Prohibet
671 4124 760 4203 ergo
774 4101 909 4203 sancia
926 4100 1099 4204 fflnodus
1127 4095 1277 4203 quibua·

290 4228 432 4305 cunque
449 4201 607 4295 clericis,
636 4233 682 4281 ne
703 4203 951 4297 concubinas,
978 4197 1168 4280 natalias
1194 4225 1274 4278 mu·

283 4298 420 4396 lieren,
437 4303 483 4378 de
492 4304 632 4484 {nibus
643 4334 699 4410 po
710 4307 755 4401 fit
773 4307 902 4386 haberi
919 4304 1099 4409 hispido,
1113 4301 1152 4379 in
1162 4300 1276 4380 dono

290 4402 350 4483 vet
363 4423 477 4480 extra
519 4405 675 4493 ttinere.
692 4427 762 4484 aut
777 4434 858 4487 cam
888 4410 936 4487 iis
952 4407 1064 4489 vllam
1086 4408 1274 4507 consuetu·

292 4500 415 4585 dinem
434 4499 569 4586 tabere
589 4507 776 4591 audeant:
808 4510 977 4618 alioquin
998 4510 1135 4615 poenis
1157 4535 1183 4585 a
1199 4502 1278 4587 SS.

291 4638 294 4643 ·
482 4646 486 4653 ·
1173 4635 1234 4689 cn-
