2784 5167
621 852 698 935 Pn
715 882 773 938 ns
797 858 862 937 111.
1152 883 1225 973 ⁴9¹

214 1034 218 1039 ’
226 1036 420 1227 mne
441 1035 564 1146 permi
591 1043 809 1151 aepiscopi
843 1043 918 1124 Ioci
947 1044 1130 1127 celebrare
1154 1077 1230 1129 non

244 1292 315 1365 ‘can
340 1317 391 1377 23·
408 1316 460 1378 34·
478 1315 527 1375 35·
546 1297 607 1369 Μ·
628 1298 708 1369 Lde
732 1306 884 1382 consecrer.
909 1304 1063 1390 capitulam
1087 1306 1111 1372 Ι.
1139 1307 1179 1368 V.
1203 1327 1230 1373 c.

323 1392 423 1466 Μ.
441 1379 507 1444 etl.
527 1384 586 1449 VI.
601 1407 628 1451 c.
649 1404 717 1448 tot.
736 1403 787 1470 ap.
815 1387 953 1451 ΒΑΜ.
971 1408 993 1454 t.
1012 1387 1041 1453 1.
1303 1402 1305 1407 '

601 1606 634 1712 t
682 1609 854 1687 ucuvt.
975 1640 977 1644 -

229 1806 475 1916 Praesertim
487 1808 618 1916 seculo
637 1808 774 1995 Νῶε
798 1809 853 1893 Χ.
885 1801 927 1889 in
957 1810 1166 1903 Germania
1192 1831 1230 1892 et

234 1946 238 1951 ·
707 1946 732 1992 α
760 1943 810 1997 ια.

236 2200 241 2205 ,
330 2118 390 2199 Eo
406 2118 567 2221 denique
573 2116 705 2222 seculo
729 2113 806 2199 IX.
825 2138 863 2198 et
885 2118 940 2201 X.
966 2106 1127 2204 ventum
1154 2116 1231 2214 est,

235 2241 292 2303 -vt
306 2219 346 2302 iu
364 2220 516 2315 Gallia,
543 2248 583 2302 et
600 2221 807 2302 Germania
830 2225 978 2304 nobiles
997 2226 1079 2305 fere
1101 2245 1232 2303 omnes
1264 2244 1266 2249 ·

240 2326 326 2405 ruri
345 2328 525 2430 degentes
544 2329 652 2405 suum
671 2328 772 2429 apud
787 2325 826 2404 se
846 2331 1137 2430 presbyterum,
1174 2348 1233 2405 ca·

237 2428 487 2531 pellanumue
509 2429 715 2517 haberent,
741 2427 808 2528 qui
831 2429 871 2505 in
891 2431 1069 2529 oratoriis
1096 2426 1231 2530 myste-

237 2530 305 2617 ria,
323 2530 557 2620 celebraret,
584 2555 623 2611 et
641 2530 774 2608 diuina
793 2529 921 2610 officia
939 2531 1224 2612 administraret.

237 2634 333 2717 lude
349 2632 464 2711 etiam
482 2660 563 2714 mos
577 2630 800 2738 praesertim
821 2635 861 2713 in
888 2635 1095 2713 Germania
1115 2637 1229 2717 ,inua-

236 2734 341 2825 luit,
363 2756 409 2814 vt
425 2738 571 2814 nobiles
592 2758 821 2838 quemqnam
840 2764 861 2815 e
882 2735 1002 2814 seruis
1022 2735 1096 2814 suis
1113 2734 1229 2816 liber·

238 2860 324 2917 tute
344 2862 433 2918 eum
453 2837 493 2917 in
512 2837 626 2917 finem
646 2838 854 2935 donarent,
880 2860 926 2915 vt
946 2842 1104 2916 obtento
1130 2861 1232 2941 pree

238 2938 424 3121 '’iiim‘'
434 2940 474 3019 in
490 2940 661 3021 oratorio
679 2938 880 3025 domestico
895 2940 1001 3022 sacm
1018 2941 1231 3026 ministrare

241 3066 296 3151 po
325 3063 375 3129 et.

237 3193 344 3267 ‚Cuius
366 3199 465 3264 moris
481 3195 625 3262 meminit
640 3194 730 3262 ennon
753 3198 907 3263 Conctn.
940 3199 1230 3267 Auentinum

234 3342 243 3357 ,
325 3279 447 3347 relatus
466 3282 501 3346 in
521 3302 584 3366 cap.
602 3281 694 3361 nulius
710 3308 741 3363 4,
759 3283 882 3362 desem.
898 3300 954 3347 nott
970 3282 1063 3349 ordin.

485 3560 489 3567 .
601 3499 641 3604 ς.
672 3504 856 3583 ucuvu.
910 3576 912 3581 ,

233 3702 367 3789 ..initia
384 3706 638 3785 oratoriorum
651 3707 912 3810 palatinorum
934 3736 961 3795 a
980 3705 1226 3814 carmanum

517 3850 520 3857 ·
564 3810 629 3893 M.
647 3830 878 3915 repetuntur.

183 4084 195 4105 ,
236 4060 244 4069 -
325 4013 434 4092 Haec
459 4009 507 4088 de
527 4011 709 4093 oratoriis
737 4013 949 4096 domesticis
973 4016 1229 4120 priuatorum

238 4118 439 4220 Quaedam
457 4115 504 4188 de
521 4117 697 4194 oratoriis
715 4119 929 4223 principum
945 4118 985 4195 in
1014 4142 1146 4198 eorum
1166 4110 1233 4222 pm

238 4218 346 4315 latiis
359 4212 579 4299 construitis
599 4220 738 4298 addere
753 4221 870 4299 lubet.
922 4217 1082 4298 Initium
1102 4241 1231 4298 orato·

212 4344 215 4351 ·
238 4320 291 4399 rii
311 4319 482 4400 Palatini
501 4345 524 4397 a
542 4322 785 4405 Consrnur.
808 4329 865 4401 M.
885 4322 1059 4426 principe
1077 4326 1148 4403 reli
1177 4324 1231 4408 io·

237 4420 372 4508 fiffimo
389 4423 623 4535 repetimus,
652 4448 765 4531 quem
789 4428 830 4509 in
851 4424 1008 4538 patacio
1039 4449 1225 4613 quoduam

1082 4558 1105 4613 v
1165 4574 1180 4590 ι
