2784 5167
542 821 734 921 Pana
783 843 853 926 111.
1101 873 1155 963 ¹⁹
1245 969 1249 976 Ι

152 1045 222 1104 tes
238 1018 363 1100 ordini
377 1020 471 1103 huic
489 1025 716 1106 necessarias
734 1028 899 1111 mirifice
914 1034 1047 1143 augeri
1066 1038 1149 1140 pos·

154 1123 246 1218 sefi
263 1124 464 1308 pudendas
490 1155 566 1207 non
599 1135 710 1207 modo
734 1131 989 1217 foeminarum
1008 1138 1147 1220 amici·
1193 1219 1198 1227 .

158 1232 242 1321 das,
283 1231 331 1305 ed
352 1228 448 1307 iusta
468 1233 588 1311 etiam
619 1235 807 1313 connubia
836 1239 1028 1341 refugiant
1047 1241 1145 1322 diui·

151 1360 296 1413 norum
311 1330 583 1432 mysteriorum
606 1335 896 1442 dispensatores,
921 1343 1024 1421 omni
1049 1369 1146 1422 aeuo
1176 1387 1181 1394 ·

143 1434 299 1534 ecclefia
317 1435 517 1517 iudicauit.

143 1637 192 1704 Et
213 1638 347 1722 quidem
363 1639 487 1706 diuinus
506 1642 624 1708 eccles.
652 1637 802 1710 fundator
828 1642 1007 1729 perfeean
1024 1646 1140 1716 oestlta·
1262 1710 1264 1715 .

234 1740 302 1868 ἓξὲξ
321 1723 1140 1892 3333?&pupecplpapffiswp

234 1889 345 1955 Nullo
363 1902 468 1955 autent
485 1896 553 1958 iure
571 1893 700 1968 diuino,
727 1857 791 1958 nee
807 1860 960 1973 naturali}
978 1857 1039 1963 nec
1058 1863 1142 1984 pofi:

236 1973 317 2119 piston
336 1991 404 2038 een
430 1977 556 2042 clericis
590 1991 801 2066 praeceptam
824 1974 888 2042 effe
918 1981 992 2048 otis
1010 1999 1141 2072 centum

551 2312 751 2418 §XHX

458 2507 518 2589 Et
544 2512 688 2618 quidem
704 2512 849 2592 merito.

230 2714 330 2792 Sunt
350 2733 497 2814 tamen,
515 2720 584 2824 qui
602 2719 643 2798 in
658 2720 815 2800 dubium
834 2730 999 2808 vocant,
1014 2736 1063 2794 an
1073 2733 1138 2795 ec·
1223 2717 1226 2723 ’

152 2815 270 2898 clefia
297 2818 483 2920 potuerit,
502 2823 570 2899 vel
592 2820 725 2903 saltem
751 2820 851 2896 reete
868 2814 1050 2920 potestate
1065 2816 1135 2897 sua

151 2919 224 2999 vsa
242 2916 305 3003 fit,
323 2923 413 2998 dum
437 2921 604 3003 clericos
621 2946 828 3032 perpetuae
847 2918 1027 2999 castitatis
1036 2919 1136 3021 lege,

152 3043 196 3103 et
215 3043 313 3124 voto
330 3021 583 3106 constrinxit?
610 3032 724 3132 Quod
743 3048 837 3102 vero
847 3022 1002 3100 dubium
1018 3018 1136 3101 facile

152 3121 499 3215 solueris‚s1nanc
526 3130 651 3234 legem
678 3128 752 3207 iuri
777 3120 945 3202 naturali
973 3119 1133 3207 minime

153 3249 389 3331 repugnare,
418 3249 458 3310 et
485 3229 665 3330 ecclefinm
691 3230 881 3335 potestate
915 3219 1134 3326 legislatiua

152 3329 365 3432 praeditam
375 3327 446 3411 esse
464 3324 1133 3449 cogitaueris,rationesque3quibus

153 3453 324 3533 permota
339 3430 434 3530 fuit,
452 3434 551 3514 seno
576 3439 812 3543 perpendere
830 3432 1015 3510 voluero

150 3616 200 3681 Ita
219 3619 332 3680 censeo
352 3615 578 3701 obligationem
595 3623 762 3687 seruandae
775 3615 923 3686 eastitatis
939 3615 1132 3682 cleticlelm·

241 3697 376 3782 potitam
393 3713 457 3764 tam
474 3722 516 3767 ex
535 3724 732 3791 praecepto,
748 3720 841 3787 quam
860 3719 904 3764 ex
923 3709 1006 3764 voto
1022 3701 1128 3765 inme·

232 3787 318 3849 diate
339 3785 552 3864 descendere,
570 3809 665 3874 qnum
692 3787 826 3854 ecclesta
850 3779 925 3870 ipso
946 3780 1128 3850 ordinandlt

236 3886 298 3930 non
318 3867 416 3930 solum
436 3881 566 3944 votum
594 3873 756 3939 sedetiam
775 3869 1002 3938 continentiam
1020 3869 1129 3931 imme-

234 3949 320 4015 diate
336 3953 533 4035 praecipiat,
552 3973 590 4021 vt
617 3976 661 4020 ex
678 3955 824 4022 dicendta
839 3950 974 4035 patebit.
1003 3952 1127 4012 Votum
1201 3964 1203 3970 ·

232 4053 316 4099 vero
338 4047 372 4099 et
392 4035 493 4117 ipsunt
511 4037 674 4123 expresse,
690 4040 748 4104 vel
764 4040 860 4104 tacite
874 4030 998 4098 editum
1015 4031 1126 4096 imme·

229 4119 316 4186 diate
338 4118 470 4197 obligat.

563 4549 645 4626 n.
782 4504 784 4510 ’
892 4538 1078 4646 ωσι
