2784 5167
486 829 676 910 Pane
728 827 796 910 ΙΙΙ,

552 1035 592 1143 §-
613 1000 718 1116 'cuc

254 1229 312 1312 Et
332 1221 666 1333 incompatibiliun
679 1219 858 1327 duofitnt
874 1253 1026 1333 genera.

123 1436 146 1488 ·,
229 1387 304 1464 lam
320 1409 418 1464 vero
447 1375 746 1482 incompatibilia
764 1382 882 1481 prinei
900 1383 1050 1485 generis
1067 1387 1124 1465 di·

98 1514 101 1519 ’
149 1506 299 1587 ¹tantur,
342 1511 505 1590 quorum
534 1503 646 1558 tanta
670 1482 720 1579 est
752 1481 906 1563 inuicem
932 1487 1123 1586 diffenstm

154 1604 193 1663 ‘n
212 1591 258 1670 od
275 1588 472 1690 fecundant
490 1582 663 1664 accedere
682 1611 757 1662 non
767 1587 903 1690 poffls,
931 1591 1018 1694 quin
1045 1590 1117 1670 hoc

111 1732 115 1737 ·
163 1686 225 1791 ἱρή)
238 1721 371 1772 vacate
383 1692 548 1795 primuni
570 1686 740 1790 incipiat.
766 1716 850 1793 cap.
881 1704 939 1784 28.
960 1713 997 1767 et
1024 1691 1143 1773 clem·

164 1811 191 1884 3·
214 1819 304 1874 extr.
333 1821 423 1876 conc.
448 1815 484 1888 4.
510 1786 603 1868 int.
653 1795 834 1870 Mutuam
861 1794 961 1872 hanc
990 1795 1127 1874 benefi-

166 1892 296 1979 ciorum
321 1895 603 1978 intolerantiam
631 1895 949 1998 deprehendimus
966 1902 1005 1977 in
1029 1901 1122 1978 duo·

162 1986 217 2076 bus
239 2003 414 2093 curatis‚·
432 2000 475 2076 in
503 1998 749 2118 dignitatibus
774 2003 943 2098 duabus,
969 2003 1009 2080 in
1037 2004 1127 2082 toti·

157 2092 231 2184 dem
246 2105 520 2208 personatibus3
543 2129 620 2179 1mo
638 2105 819 2183 incurata
838 2109 954 2186 etiam
963 2132 1039 2184 vno
1050 2133 1125 2186 vna

151 2214 236 2288 cum
257 2210 441 2316 dignitate
464 2202 539 2281 fiue
565 2204 608 2281 in
638 2209 769 2285 eadem
791 2206 875 2301 siue,
898 2211 938 2287 in
967 2204 1126 2287 diuerfis

147 2308 328 2389 ecclesiis.
378 2309 484 2410 Quin
510 2309 585 2386 duo
622 2307 739 2386 etiam
766 2309 996 2410 uniformia,
1031 2309 1128 2389 licet
1186 2348 1194 2360 ¹

141 2389 330 2516 simplicia
345 2408 417 2493 fiat
431 2409 495 2489 sub
509 2435 609 2502 vno,
636 2411 1130 2515 eodemquetestoexisten·

117 2513 193 2595 ,¹¹2
226 2543 307 2622 cap.
328 2541 363 2619 9.
390 2510 438 2592 de
461 2517 598 2614 conceſs
622 2513 753 2617 praeb.
780 2511 944 2593 clement.
974 2508 1072 2591 6.i1.
1100 2533 1128 2593 t.

135 2620 400 2727 ,consequutus
433 2616 536 2696 enim
564 2612 791 2696 beneficium
819 2623 1010 2710 alterum,
1043 2615 1126 2720 ipso

134 2726 232 2801 lure
259 2717 391 2800 amifit·
403 2719 581 2821 primum.
634 2718 797 2800 Secundi
819 2721 968 2825 generis
989 2717 1127 2798 inconi-

130 2822 387 2908 natthinaei
413 2844 631 2909 vocantur,
670 2847 834 2925 quorum
850 2824 1021 2926 societas
1052 2820 1134 2927 qui·

133 2904 226 3003 dem
258 2955 333 3004 non
357 2924 482 3030 potest
502 2922 722 3024 fubfistere,
767 2924 945 3005 adtamen
967 2923 1127 3026 secundi

129 3028 303 3130 Racifica
345 3026 627 3128 consequationc
699 3027 798 3106 riore
836 3058 911 3108 non
945 3027 1125 3108 continuo

117 3132 228 3233 im
252 3132 333 3209 iure
357 3129 535 3233 paffeffor
564 3127 649 3208 exc'
681 3127 718 3207 't.
771 3141 898 3234 Atque
932 3133 1021 3211 inde
1053 3129 1131 3224 est,

136 3234 219 3311 θυι·
239 3232 540 3338 incompatibilia
570 3233 693 3336 quoad
717 3237 972 3318 retentionem
992 3256 1135 3313 nuncu·

138 3341 301 3423 Petitur.

140 3518 202 3598 Ἦ
221 3556 294 3606 cum
309 3541 424 3609 scholis
442 3544 628 3626 loquamur,
658 3540 888 3608 beneficiorum
913 3543 1018 3606 incom
1044 3541 1137 3606 aiibi·

235 3627 307 3689 litas
321 3631 423 3692 oritur
439 3647 483 3690 ex
493 3628 611 3708 triplici
626 3629 735 3710 capite
754 3625 806 3707 (1)
820 3633 942 3694 tatione
952 3623 1008 3703 rest
1038 3624 1136 3699 ntiae,

232 3710 307 3790 quia
318 3722 492 3792 utrumque
504 3713 605 3795 exigit
622 3712 816 3778 residentiam
831 3708 1137 3794 incompoffibilem‚

232 3796 281 3857 vti
300 3795 373 3858 sunt
391 3794 457 3858 duo
477 3797 704 3892 episcopatus,
734 3795 816 3859 duae
839 3797 1010 3882 dignitates
1034 3795 1065 3858 in
1089 3790 1137 3854 di·
1163 3859 1169 3871 ,

233 3873 327 3939 uersis
350 3874 514 3954 ecclesiis,
537 3879 601 3943 duo
623 3880 848 3956 canonicatus,
869 3881 929 3944 vbi
954 3880 1047 3960 viget
1073 3873 1134 3937 dis-

232 3959 348 4045 positio
358 3959 534 4036 tridentini,
545 3959 742 4029 residentiam
759 3981 874 4027 nouem
886 3958 1034 4026 mensium
1045 3972 1137 4040 prae-

233 4042 399 4127 cipientis?
424 4043 482 4128 (a)
504 4046 626 4109 ratione
635 4044 771 4126 seruitii,
792 4049 868 4126 quia
885 4055 1063 4123 vtrumque
1082 4055 1135 4100 eo·

234 4124 306 4193 dem
323 4143 475 4210 tempore
494 4131 672 4206 seruitium,
696 4128 754 4190 vel
774 4127 977 4193 ministerium
987 4117 1136 4188 ecclefia·
1155 4193 1158 4201 ,
1236 4134 1240 4140 ’

110 4270 113 4277 .
231 4210 342 4277 dicum
371 4213 514 4296 requirit.
558 4215 601 4277 Et
624 4211 703 4275 haec
733 4209 863 4294 quidem
892 4222 994 4271 natura
1010 4206 1064 4287 sna
1088 4205 1132 4270 in-

112 4294 119 4307 ’
234 4294 428 4380 tanpotibiIia
446 4292 508 4360 eise
527 4291 623 4361 facile
650 4291 778 4360 constat.
822 4295 898 4358 Alia
918 4308 1000 4356 vero
1020 4295 1071 4370 (3)
1089 4291 1131 4355 ita

235 4378 263 4443 di
304 4393 423 4448 onente
445 4383 515 4445 iure
545 4378 757 4463 ecclesiastico
785 4376 894 4440 ratione
919 4371 1132 4456 finientationis

186 4476 190 4490 ‘
229 4468 261 4544 ,in
302 4465 393 4530 itatis
409 4461 634 4611 incompatibilga
658 4466 850 4544 censentur,
871 4478 969 4546 quum
987 4459 1128 4606 tiedricus
1223 4526 1227 4535 ¹

940 4585 942 4589 ,
1051 4558 1093 4602 uo
