2784 5167
90 466 165 491 :Ju-
385 177 1205 509 m

159 886 206 965 62
261 884 677 960 lvnasrnvnnnnraa
704 880 1096 980 Ecetram-nsum,

157 1073 275 1155 modu
294 1093 486 1173 quemque
499 1062 567 1145 suu
595 1070 644 1147 ad
669 1088 797 1183 partes
824 1066 1018 1174 legitimas
1039 1092 1156 1148 voca·

157 1197 256 1255 rent.
313 1172 476 1281 Vigente
497 1170 603 1249 enim
627 1172 778 1250 ilhbata
801 1171 1038 1279 frugalitatis
1061 1173 1157 1273 lege

152 1274 1155 1369 aPnucocommendata,ethisaCurnranover·

157 1382 218 1460 bis
237 1384 426 1460 declarata
451 1376 514 1456 lib.
536 1373 570 1455 Ι.
593 1379 696 1485 epist.
724 1403 783 1458 10.
812 1375 995 1482 puodfibi
1021 1373 1078 1452 ad
1096 1372 1153 1448 vi·

155 1485 272 1576 cinara,
298 1502 412 1582 atpue
436 1481 607 1580 vestitum
633 1480 1032 1583 neceffariumfuerit:
1068 1500 1149 1581 quo

153 1590 300 1680 aleret,
328 1608 368 1663 et
386 1585 548 1667 vestiret
575 1583 735 1666 ecclesia
755 1611 829 1689 pau
857 1610 962 1669 eres,
997 1582 1150 1682 semper

152 1689 378 1769 abundabat.
434 1690 533 1767 Satis
544 1713 702 1794 quoque
721 1613 1041 1778 manifestumest,
1069 1683 1153 1762 cle-

151 1791 266 1885 ricis,
292 1813 340 1869 vt
370 1793 622 1898 pauperibus,
660 1817 780 1898 parce
798 1812 1000 1897 erogatum
1017 1784 1153 1881 fuiffe,

149 1918 197 1975 vt
217 1920 296 1975 non
318 1916 500 1999 egerent,
526 1922 603 1974 non
624 1918 672 1975 vt
687 1898 941 1976 abundarent.

150 2082 245 2149 cin.
265 2065 394 2147 Arosr,
416 2080 488 2148 XL.
509 2082 863 2147 consummantia
888 2077 989 2148 VIII.
1008 2097 1074 2163 cup.
1096 2091 1153 2157 30.

237 2187 287 2236 ³1.
312 2168 348 2231 S.
371 2171 561 2233 cunum.
587 2166 639 2232 tib.
659 2162 727 2229 III.
755 2166 832 2254 epist.
853 2182 902 2245 24
928 2165 1073 2231 Ivsnn.
1094 2158 1152 2226 M.

234 2252 355 2338 apolog.
374 2251 423 2318 II.
441 2254 608 2317 Turonas.
625 2249 682 2315 loc.
698 2249 749 2316 cit.
764 2270 828 2340 cap.
848 2269 895 2318 12.

539 2474 580 2580 §.
606 2477 757 2555 XCVII.

113 2694 117 2702 '
183 2761 186 2765 ,
257 2680 398 2781 Postea
412 2676 618 2780 verosac'ha
633 2680 683 2779 est
700 2674 830 2777 diuifio
849 2678 1043 2759 bonorum.

99 2936 101 2941 a
145 2924 149 2933 .
243 2866 415 2947 Felicior
428 2868 504 2946 fuit
523 2868 588 2946 hic
609 2865 791 2949 ecclefiae
806 2870 942 2960 statum
970 2882 1155 2971 quamvt

152 2990 239 3051 bum
262 2973 366 3049 ferre
394 2970 572 3074 potuiffet
599 2973 781 3078 peruersa
805 2971 1029 3054 mortalium
1056 2992 1154 3047 con·

149 3076 259 3152 ditio.
324 3078 376 3152 Vt
397 3076 500 3153 enim
520 3076 771 3156 inualescenti
794 3079 1006 3159 auaritiae,
1044 3070 1154 3178 cupi·

149 3178 263 3255 ditati
294 3201 333 3256 et
358 3204 571 3282 pauperum
601 3183 860 3287 negligentiae
889 3177 1151 3269 obuiaretur,

151 3279 378 3375 nouasane,
406 3281 471 3359 sed
490 3280 697 3363 neceffaria
718 3285 815 3364 iurIs
842 3283 990 3383 antiqui
1018 3278 1181 3359 remis·'

150 3380 253 3461 stone
273 3407 368 3487 opus
390 3382 487 3480 fuit,
524 3410 601 3489 qua
622 3387 786 3492 priscam
805 3389 845 3467 in
865 3409 1052 3492 pauperes
1077 3381 1152 3462 dis-

150 3484 320 3604 ciplinae
329 3484 515 3591 pietatem
527 3492 667 3590 magis,
687 3493 887 3598 magisque
898 3488 1151 3580 deminutam,
1183 3504 1187 3511 '

147 3587 308 3666 minime
328 3588 480 3671 austam
501 3590 612 3671 fuisse
640 3596 886 3699 experientia
905 3586 1152 3670 demonstrat.

149 3693 247 3770 cum
265 3696 397 3793 itaque
415 3697 524 3798 prius
551 3696 819 3800 episcoporum
836 3718 920 3776 erat
944 3691 1153 3786 arbitrari,

149 3796 263 3899 quid,
290 3817 528 3901 quantumue
545 3803 593 3878 ad
613 3802 777 3881 clericus
793 3803 910 3893 suos,
943 3819 983 3878 et
1007 3819 1151 3902 paupe·

150 3924 213 3979 res
235 3899 412 3994 alendos,
447 3901 622 4003 aliosque
650 3904 878 3984 necessarios
904 3903 1048 3982 sumtus
1075 3898 1152 3976 im·

178 4005 395 4082 endendum
418 4003 521 4084 foret
534 4062 547 4103 ,
580 4007 798 4088 introducta
819 4009 897 4087 iam
926 4006 1002 4083 fuit
1015 3997 1152 4106 seculo

194 4162 204 4180 .
233 4106 274 4185 in
302 4124 469 4210 quatuor
487 4129 629 4214 partes
650 4107 837 4187 redituum
852 4107 982 4208 diuifio
1011 4160 1023 4195 ‚
1069 4130 1152 4184 mo-

149 4209 295 4311 dusque
319 4207 557 4313 dispensandi
575 4214 631 4293 ita
652 4215 952 4304 determinatus,
988 4228 1035 4288 vt
1050 4209 1153 4289 sum·

149 4337 214 4392 ma
232 4311 386 4412 quidem
409 4341 498 4393 cum
526 4318 711 4420 potestate
735 4317 935 4420 episcopus
962 4309 1154 4417 dispensa·

149 4415 248 4493 tioni
273 4438 406 4492 rerum
428 4419 611 4499 ecclefiae
629 4420 838 4526 praeeffet,
864 4419 1075 4497 canonicae
1091 4424 1154 4498 ta·

150 4543 241 4600 men
259 4518 451 4623 portionis
466 4523 546 4629 legi
553 4520 575 4625 ,’
595 4548 672 4633 qua
695 4545 854 4608 cautum
872 4519 943 4621 est,
976 4541 1018 4600 vt
1043 4518 1154 4704 puna
1188 4546 1194 4563 ¹

984 4653 1094 4706 cccc·
1156 4692 1159 4699 .
