2784 5167
566 762 771 901 ⁸ants
824 825 893 904 nu
972 912 974 916 ,
1163 856 1216 943 ⁵!

208 1030 299 1085 eura
321 1001 535 1105 occupatis
559 1002 827 1115 suffragetur:
862 1036 951 1092 cutn
977 1019 1081 1120 quod
1106 1017 1217 1102 illiue

212 1110 310 1189 vices
319 1108 486 1225 sacistus
496 1110 702 1223 perlalium
715 1112 986 1220 suppleantur,
1013 1126 1214 1241 tumquod

212 1213 450 1293 exabsentra
468 1234 553 1291 etus
570 1233 721 1294 tartum
739 1217 782 1295 in
799 1216 999 1301 ecclesiam
1014 1244 1054 1305 et
1066 1249 1214 1309 ammae

204 1343 272 1397 non
292 1314 492 1395 redundet
508 1317 797 1400 detrimentum.

589 1564 624 1660 §.
650 1562 825 1647 LXXXI.
897 1640 899 1644 ,

220 1766 337 1848 Inter
349 1770 691 1871 quatrecenfentur
710 1792 791 1844 1mo
789 1766 993 1871 seruitium
1007 1769 1183 1879 episcopi.

291 1923 373 2001 Eas
391 1921 494 2002 inter
515 1918 684 2015 cauffas,
712 1912 811 2039 quae
829 1922 1037 2005 absentiam
1050 1927 1207 2007 canoni·

196 2051 344 2110 corum
365 2027 571 2118 excusant,
587 2025 789 2125 struinam
807 2027 861 2105 est
881 2029 945 2106 vel
966 2030 1208 2130 neceffarium

195 2127 403 2226 eccsefiae,
431 2131 503 2207 vel
520 2127 636 2222 vtile,
672 2131 774 2229 quod
797 2128 967 2236 episcopi
992 2131 1104 2213 causa
1129 2131 1206 2212 sus·

202 2232 387 2337 cipitur,
432 2252 617 2335 quatenus
650 2233 750 2310 illud
785 2231 1008 2336 episcopum
1031 2235 1205 2338 respicit.

206 2338 406 2419 Adtamen
431 2333 493 2412 ius
521 2358 721 2413 commune
744 2336 800 2414 ita
829 2334 1035 2439 disposuit,
1063 2359 1108 2414 vt
1130 2340 1206 2416 duo

200 2456 358 2525 tantum
378 2459 418 2519 et
442 2435 629 2542 fimptices
652 2437 807 2542 quidem
839 2438 1016 2522 canonici
1034 2437 1205 2547 episcopi

197 2540 337 2627 officiis
356 2539 468 2625 simul
487 2564 737 2647 occupentur.

198 2730 274 2820 Cap·
291 2743 322 2816 7·
340 2721 380 2802 Θ
398 2749 451 2808 15·
468 2729 497 2804 s.
516 2750 539 2800 t.

576 2973 837 3082 §.Lxxxn.

300 3236 307 3247 ·
416 3178 500 3261 ado.
519 3180 688 3282 studium
714 3179 755 3258 in
772 3171 978 3256 academia.

289 3326 535 3409 Vfitatiffima
553 3326 667 3406 hodie
688 3323 881 3405 absentiae
906 3316 1020 3400 causa
1048 3311 1100 3393 est
1116 3309 1198 3430 stp-
1303 3364 1305 3369 -

199 3427 306 3510 dium
329 3431 369 3509 in
381 3428 528 3534 scholis
540 3429 732 3535 publicis,
769 3448 806 3506 et
820 3421 999 3530 probatis
1013 3454 1026 3497 .·
1067 3416 1200 3534 γοΙιιιί
1301 3442 1303 3450 ·

201 3534 310 3613 enim
339 3537 418 3639 ipsa
435 3560 586 3612 arnon.
607 3558 717 3611 anm
739 3532 825 3632 sest.
845 3532 893 3604 V.
918 3551 1002 3627 cap.
1020 3518 1053 3599 I.
1073 3515 1195 3637 enfin.

197 3657 249 3716 vt
268 3635 480 3731 scholares,
509 3638 576 3738 qui
600 3638 643 3714 in
666 3631 755 3740 ipsis
774 3630 911 3712 scholis
929 3628 1097 3716 student,
1122 3644 1199 3726 prn-

196 3738 355 3847 uilegiis
394 3742 572 3821 omnibus
616 3742 664 3816 de
698 3734 946 3842 perceptione
980 3727 1198 3842 fracturam,
1297 3772 1301 3781 ·

194 3847 523 3962 praebendarum,
560 3863 601 3923 et
616 3839 894 3920 beneficiorum
919 3835 960 3913 in
984 3832 1198 3912 absenttaa

194 3970 287 4026 ture
302 3949 499 4031 communi
515 3943 695 4028 concessus
709 3947 820 4049 plene
830 3941 1041 4048 gaudeant,
1067 3929 1198 4010 etsru·

192 4069 326 4133 antur.
1132 4082 1134 4087 ·

195 4236 340 4327 Capsu.
357 4239 391 4303 de
408 4234 596 4324 mugisscap.
618 4257 666 4301 η.
684 4232 749 4300 stt.
793 4233 882 4296 Duas
899 4223 954 4292 hic
971 4221 1107 4289 aduerte
1117 4235 1201 4285 con·

281 4319 454 4393 ditiones:
485 4326 587 4407 prima
620 4323 748 4406 exigit,
785 4330 827 4379 vt
849 4311 1021 4379 canonicus
1051 4307 1107 4375 vel
1134 4304 1192 4387 ss.

279 4410 471 4497 theologiae
490 4409 549 4473 vel
564 4408 621 4474 SS.
641 4403 818 4470 canonibus
842 4397 897 4485 det
921 4405 1072 4483 operam:
1092 4390 1196 4491 astera

212 4526 218 4534 ·
280 4488 823 4638 vero‚·vtfingu1nsenessnbus,
842 4477 1195 4622 autfinguuaadmatpua

742 4590 764 4637 ί
911 4636 913 4641 Ι
1154 4588 1166 4604 ·
