2784 5167
199 923 273 993 rot
335 912 735 988 Ivursnuvnrnma
759 907 1141 1005 Ecenatrasrrcax,

563 1114 603 1219 ς.
658 1115 826 1193 CXLVI.

626 1326 764 1403 lV'ro.

285 1497 371 1597 lv.)
397 1496 470 1575 Sed
498 1496 671 1598 quamuis
703 1494 877 1601 germani
914 1510 1192 1575 rourrrrcra
1209 1548 1221 1573 .·

199 1621 376 1693 nomem
398 1598 652 1704 prouisionem
678 1602 908 1691 detrecient,
936 1600 1042 1677 illius
1060 1619 1192 1699 tamem

131 1754 136 1777 ι
197 1703 479 1785 auctoritatem,
506 1702 895 1809 confirmationemque
906 1702 1112 1781 adhibeant
1126 1724 1192 1781 ne·
1222 1766 1224 1775 .

198 1806 297 1887 cesse
323 1804 395 1882 est:
431 1811 498 1909 qui
516 1833 587 1910 pro
619 1808 778 1897 arbitrio
814 1807 1029 1886 adiutorem
1061 1800 1132 1883 fibi
1165 1828 1190 1883 a

197 1907 393 2014 praesule,
420 1932 459 1987 et
479 1934 521 1987 ca
552 1910 650 1997 itulo
676 1910 847 1989 oblatum
869 1910 1096 1999 admittere,
1122 1906 1190 2011 vei

138 2108 141 2113 η
200 2013 406 2115 repudiare
430 1936 557 2117 poteH.
603 2011 905 2091 Postulationum
923 2012 1046 2106 enim,
1073 2028 1116 2087 et
1131 2010 1191 2089 ad·
1221 2048 1226 2061 =

141 2114 144 2119 ’
199 2114 372 2196 iutorum
389 2117 582 2217 probatio,
609 2115 855 2220 admiffioque
873 2139 1001 2195 merae
1020 2104 1188 2223 gratiae,

192 2241 241 2308 ¹et
257 2219 354 2296 iuris
369 2218 585 2321 imperfecti
602 2217 676 2297 eiie
696 2219 883 2298 censetur.
937 2222 1087 2296 Verum
1103 2214 1192 2319 quid

190 2319 227 2402 ‘fi
246 2320 355 2401 curia
382 2348 539 2403 romana
567 2323 848 2425 praesentatum
880 2319 948 2400 srbi
973 2322 1190 2400 adiutorem

199 2425 407 2529 repudiati
432 2430 536 2505 Tum
552 2451 713 2505 nouusa
732 2426 900 2530 capitulo
915 2418 1105 2502 successor
1122 2448 1201 2517 no·-

124 2580 130 2595 ·
197 2528 428 2620 minabitur,
454 2532 767 2632 nominatumque
793 2528 971 2633 pontifex
989 2520 1187 2605 confirma·
1214 2528 1217 2533 '

198 2631 275 2716 bit,
302 2633 471 2732 adeoque
493 2657 546 2711 ex
568 2632 651 2736 ipso
675 2656 868 2732 nunquam
892 2629 1022 2720 stabit,
1062 2626 1188 2734 qualis

198 2733 429 2916 potiffimum
451 2737 581 2822 detur,
608 2736 671 2813 sed
697 2734 820 2837 qualis
845 2731 1077 2842 potiffimum
1105 2750 1219 2837 pro·-

226 2858 322 2915 etur.

204 3042 425 3112 trvncatvs
442 3043 500 3109 soc.
521 3045 571 3108 cit.
593 3066 621 3130 q.
641 3063 710 3123 359.
734 3043 821 3109 Hinc
842 3045 873 3108 in
891 3041 1044 3127 precibus
1063 3038 1189 3123 pontii·

205 3180 218 3191 ..
286 3135 315 3193 ci
326 3150 388 3215 pro
396 3124 595 3195 admittendo
610 3133 663 3195 tali
681 3129 828 3194 adiutore
836 3127 1010 3193 offerendis
1027 3128 1115 3191 nulia
1125 3124 1192 3190 erec·

285 3214 376 3277 tionis
400 3229 428 3274 et
450 3210 653 3300 postulationis
671 3217 800 3287 *mentio
830 3212 991 3281 facienda,
1023 3208 1044 3275 sl
1074 3208 1190 3293 stylum

283 3304 390 3363 curiae
417 3317 496 3362 rom.
521 3302 608 3383 sequi
631 3311 791 3380 oportet,
817 3300 870 3365 sed
887 3296 1050 3361 humiliter
1080 3301 1193 3377 peten-

218 3386 223 3397 '
288 3382 365 3447 dum
385 3382 444 3451 est,
478 3396 517 3447 vt
543 3380 693 3467 pontifex
719 3386 869 3464 dignetur
892 3381 1134 3461 coadiutorem,
1160 3383 1229 3469 5¹¹..-

288 3484 384 3548 quem
405 3470 596 3550 episcopus,
620 3479 654 3529 et
670 3468 846 3548 capitulum
862 3464 1099 3536 consenserint,
1119 3480 1193 3529 con·
1216 3496 1229 3509 ·

288 3549 426 3623 cedere,
442 3554 562 3634 suoque
578 3548 765 3614 confirmare
782 3551 928 3617 decreto.
971 3550 1005 3614 Si
1024 3563 1108 3630 papa
1121 3564 1192 3614 eou-
1216 3580 1229 3593 ·

287 3636 416 3699 senserit
435 3636 463 3697 in
491 3634 720 3699 coadiutoriam
745 3652 818 3695 cum
835 3638 904 3698 iure
922 3630 1126 3700 succesionis
1144 3632 1229 3699 ad·-

287 3718 494 3789 mittendam,
515 3717 710 3781 adiuuandus
735 3729 839 3780 autem
855 3729 932 3783 ante
950 3715 1140 3802 expeditae,
1161 3728 1229 3783 et:

285 3798 372 3865 datas
391 3800 582 3887 apostolicas
601 3804 724 3868 litteras
746 3796 842 3866 fuerit
861 3814 1028 3874 mortuus,
1051 3813 1108 3863 aut
1125 3798 1229 3866 reii-

285 3890 449 3968 gnauerit.
471 3889 593 3952 litteras
603 3883 795 3969 apostolicas
814 3888 1037 3970 impetrantem
1057 3882 1229 3951 nullate-

214 4034 220 4041 ,
284 3985 346 4033 nus
375 3972 484 4035 iuuare
509 3974 623 4034 censeo
647 3967 823 4035 deficiente
848 3968 1066 4042 coadiutoria,
1097 3969 1229 4052 eique

281 4054 409 4119 adnexo
441 4057 511 4118 iure
538 4049 738 4118 succedendi.
782 4053 816 4116 Si
848 4073 932 4118 vero
968 4047 1039 4137 post
1067 4051 1229 4119 litter&

217 4134 221 4143 '
282 4139 343 4203 iam
355 4138 504 4222 equidem
515 4139 623 4213 darae,
647 4148 681 4201 et
693 4136 878 4219 expeditas,
892 4135 945 4203 sed
959 4149 1064 4200 tamen
1083 4139 1228 4213 prius,

217 4226 239 4291 ,“
282 4241 377 4305 quam
394 4219 510 4287 fuerint
536 4225 752 4305 praesentatae
771 4218 968 4288 adiuuandus
987 4221 1120 4293 evita,
1141 4228 1229 4285 aut

214 4304 218 4311 '
284 4305 446 4372 beneficio
463 4305 650 4379 discesserit,
674 4306 780 4368 locum
798 4302 860 4370 esse
880 4304 1061 4371 succeffioni
1081 4301 1228 4367 adseti‘

286 4409 377 4461 urus,
399 4408 471 4454 cum
490 4394 519 4453 in
540 4394 655 4475 gratiae
672 4389 835 4471 rescriptis
853 4388 944 4459 durae,
966 4406 1031 4451 non
1051 4391 1229 4467 praesert‘

283 4485 537 4563 tatae,·temput
562 4476 757 4561 respiciatur.
780 4490 845 4560 cap.¹
863 4495 892 4556 7.
920 4473 953 4536 de
978 4466 1217 4598 reJ'crt'pt.gr'L
