2784 5167
173 671 182 958 i
530 799 725 895 Pn'n'e
776 815 846 895 ΙΙΙ.
1114 825 1190 917 187

173 975 176 1014 Ι
223 1003 270 1070 W
289 1021 350 1102 pap.
378 1021 409 1086 5·
430 1000 465 1067 le
484 1002 598 1091 probas.
616 1026 680 1093 cap.
702 1021 733 1070 2.
751 1001 785 1069 dt
796 1004 889 1086 solam
953 973 1106 1069 Bolcliu
1131 1003 1191 1066 soc.

272 1107 319 1155 cit.
336 1111 410 1153 mem.
428 1093 481 1153 16.

418 1297 421 1310 “
558 1311 598 1418 ς.
625 1311 810 1392 CCLXV.

212 1492 242 1575 io
252 1495 426 1606 politicis
443 1523 533 1577 vero
555 1493 788 1578 Germaniae
811 1492 983 1604 capitula
1000 1496 1192 1607 soocpijl

522 1623 620 1706 copo
647 1600 859 1706 subiacent.

274 1807 428 1919 Quaeri
453 1809 592 1915 potest,
624 1807 712 1911 quid
738 1808 836 1889 iuris
859 1806 1111 1913 potestatisue
1127 1832 1190 1885 co·

198 1914 314 2031 pitulo
331 1914 434 2019 quod
449 1909 507 1991 ad
525 1911 688 2018 regimen
706 1914 830 2018 epifco
859 1937 966 1990 orum
987 1907 1189 2019 politicum

198 2043 234 2095 ιη
248 2022 502 2097 Genuam
518 2017 713 2097 habeant?
739 1938 903 2096 Nuliem
922 2018 1100 2121 equidem
1124 2011 1192 2093 ha·

197 2119 283 2200 bere
299 2122 487 2213 arbitror,
512 2121 583 2200 nifi
601 2145 701 2223 quae
719 2146 789 2225 per
813 2116 912 2220 leges
934 2117 1083 2224 imperii
1093 2115 1191 2218 fico·

201 2220 449 2319 domentales,
476 2241 514 2298 et
532 2221 723 2330 speciales
743 2221 951 2304 cuiuslibet
975 2219 1192 2327 territorii,

199 2329 252 2404 vel
285 2325 517 2431 prouinciae
564 2324 852 2424 constitutiones
889 2322 979 2429 ipfis
1020 2318 1192 2408 concessa

204 2426 265 2508 ese
281 2430 440 2511 conflat.
472 2453 476 2460 ·
493 2431 595 2510 Nam
611 2430 782 2535 episcopi
799 2425 916 2509 nostri
934 2430 1024 2510 iure
1041 2426 1192 2508 elessio·

205 2530 253 2611 nis
266 2534 342 2614 rite
362 2532 542 2641 peracsae
557 2530 657 2611 fiunt
680 2531 792 2614 simul
813 2530 1032 2640 principes,
1066 2551 1107 2612 et
1123 2528 1190 2610 sta·

207 2652 256 2713 tue
277 2632 455 2744 imperii.
497 2655 536 2713 et
568 2637 659 2715 inde
688 2640 808 2720 etiam
833 2637 963 2718 omnia
985 2638 1074 2719 iura
1099 2636 1191 2716 aliis

209 2737 361 2821 eiusdem
387 2736 533 2821 ordinis
563 2761 603 2819 et
629 2739 829 2845 dignitatis
857 2745 1078 2821 communia
1105 2762 1192 2819 con·

211 2837 407 2944 ssquuncur.
468 2843 579 2920 Sicut
607 2865 701 2949 ergo
728 2846 870 2951 reliqui
887 2847 1028 2926 subditi
1042 2868 1122 2923 tam
1138 2843 1196 2921 in·

215 2946 298 3034 cuitu
321 2947 525 3054 personae,
555 2970 668 3047 quarn
692 2970 824 3030 rerum
850 2948 1005 3029 suarum
1034 2945 1191 3027 domino

216 3049 422 3130 territoriali
449 3048 624 3133 subsunt.
651 3052 785 3142 eodem
803 3057 917 3134 modo
935 3051 1106 3158 capitula
1133 3048 1193 3127 su-

218 3150 464 3246 perioritatem
489 3151 768 3232 territorialem
793 3159 851 3237 sui
878 3155 1079 3257 episcopi,
1117 3176 1192 3253 qua

218 3243 312 3336 flatus
334 3259 388 3337 est
412 3256 568 3359 imperii
594 3254 831 3358 agnoscant,
874 3278 915 3336 et
938 3275 1195 3336 reuereantur

219 3373 371 3456 oportet,
392 3384 433 3440 et
448 3360 515 3440 iub
534 3359 609 3436 hac
633 3358 784 3437 ratione
806 3386 877 3467 per
906 3359 945 3438 se
970 3363 1019 3437 ad
1042 3355 1208 3439 clasem·-

218 3458 432 3567 oeliqnorum
454 3486 662 3568 corporum
682 3465 933 3545 mediatorum
953 3463 1118 3569 principi
1127 3463 1195 3540 im·¹

216 3565 622 3647 ¹steclintesubiec‘torum
642 3569 839 3668 pertinere
853 3592 967 3645 nemo
986 3590 1196 3647 rerumno·

217 3653 355 3749 &erum
377 3697 519 3776 gnarus
535 3669 731 3774 ambigere
747 3670 882 3780 potest.
945 3669 1044 3749 illud
1061 3695 1196 3752 tamen

217 3756 309 3875 ficile
323 3774 535 3878 largimur,
561 3774 743 3877 capitulis
758 3776 819 3854 ius
838 3771 940 3864 voti,
978 3793 1017 3853 et
1024 3772 1198 3881 feffionic

216 3886 248 3939 α
260 3877 415 3957 comitiis
430 3876 653 3982 prouinciae
669 3902 912 3983 competere,
938 3899 1062 3980 etqua
1075 3879 1197 3957 status

213 3981 452 4066 prouinciales
498 3981 547 4056 ad
582 3978 776 4060 trasinnda
818 3980 976 4085 negotia
1019 3980 1195 4088 regimen

211 4076 397 4168 politicum
458 4084 734 4162 concernentia
786 4109 1008 4164 concurrere
1064 4080 1195 4190 posse,

210 4189 296 4273 quod
311 4184 571 4290 obseruantia,
599 4206 639 4263 ec
649 4185 784 4288 praxis
803 4187 1035 4272 Germaniae
1043 4190 1192 4271 nostrae

209 4293 348 4373 0ῠιιιίιιο
362 4293 523 4395 probat,
550 4309 590 4369 et
611 4284 823 4374 confirmae

1083 4540 1147 4621 sta

1291 4657 1305 4836 ⁴.
