2784 5167
195 868 271 949 152
298 845 722 924 lvnieonvnnnmn
740 838 1141 937 Ecetranum,

192 1029 398 1112 ttedralem
435 1033 478 1111 in
515 1034 645 1114 locum
677 1026 846 1133 episcopi
881 1027 949 1106 vel
977 1030 1211 1133 demortui,¹

194 1141 264 1215 vel
294 1135 466 1240 impediti
509 1130 735 1219 successisse.
776 1158 902 1238 neque
931 1132 1062 1237 aptior
1095 1136 1195 1239 quir·

194 1266 329 1343 quam,
354 1262 394 1321 et
407 1241 624 1345 proximior
641 1256 746 1324 erat,
767 1236 835 1339 qui
855 1260 987 1315 curam
1003 1236 1195 1325 banosus·-

196 1345 373 1447 ciperet,
400 1368 513 1445 quam
548 1345 581 1422 is
613 1341 693 1445 ipse
718 1340 870 1433 clerus,
906 1364 1076 1444 quocum
1101 1342 1195 1451 'epis

194 1444 381 1633 traria
408 1442 719 1629 usum
736 1442 1019 1625 ratium

196 1674 352 1747 erat‚et
363 1652 566 1745 modestia,
593 1669 641 1731 vt
653 1632 756 1731 'nihil
767 1670 914 1729 temere
924 1650 989 1730 fibi
1003 1574 1192 1757 agendffi

196 1757 388 1849 sumeret,
424 1758 525 1861 quod
555 1751 822 1840 reuerentior,
849 1778 890 1834 et
914 1755 1127 1837 consultius
1150 1758 1191 1837 in

196 1863 293 1939 noui
311 1861 480 1964 episcopi
496 1863 705 1940 aduentum
724 1857 953 1937 seruaretur.
983 1862 1074 1937 Non
1089 1860 1190 1939 eni!

195 1983 398 2071 tantopere
424 1969 471 2045 de
507 1964 657 2045 iuribus
683 1984 725 2041 et
753 1961 1057 2068 amplificatione
1090 1962 1187 2065 capi*-

195 2069 295 2251 pulh
327 2070 516 2178 quamde
542 2065 665 2149 salute
688 2067 799 2174 regni
825 2066 967 2146 Christi
992 2063 1188 2177 'prospicio
1227 2124 1229 2137 ι

222 2193 321 2251 atur.
809 2227 811 2229 -
1021 2195 1023 2199 ’

201 2379 363 2444 Tronis
378 2374 418 2445 P·
429 2377 462 2446 1.
484 2376 536 2442 lib.
554 2375 624 2444 ΙΙΙ.
644 2398 709 2465 rap.
729 2376 809 2444 VII.
828 2384 864 2454 ts.
885 2394 932 2461 13.

569 2598 611 2705 ς,
637 2602 821 2679 ccxvu.

378 2802 483 2886 Dein
498 2834 617 2912 penes
635 2804 907 2912 intercefforem
925 2831 1021 2890 erat.
1076 2826 1109 2858 '·
1163 2774 1202 2845 ἃ·

279 3007 408 3085 Huius
433 3030 531 3084 vero
560 3004 781 3111 disciplinae
800 3034 887 3086 mos
908 3037 984 3087 non
1011 3007 1117 3087 vltra
1130 3002 1187 3105 se·

203 3105 325 3188 enum
348 3108 377 3189 I
378 3109 423 3189 V.
458 3111 744 3191 haereticorum
779 3112 973 3215 prauitate
1009 3110 1179 3191 infectum

201 3214 373 3294 durabat.
421 3215 477 3292 Hi
495 3214 598 3294 enim
617 3215 657 3293 in
677 3215 848 3295 diuersas
868 3215 966 3296 sciffi
985 3236 1114 3321 partes
1134 3232 1180 3289 or

201 3315 302 3397 batis
332 3317 515 3399 continuo
550 3318 721 3398 ecclesiis
744 3345 767 3397 e
793 3320 904 3399 sectis
936 3323 1094 3423 quisque
1115 3310 1180 3393 suit

199 3418 403 3527 surrogare
421 3421 615 3501 hominem
634 3421 861 3529 satagebant
915 3424 1039 3529 igitur
1057 3441 1102 3502 vt
1119 3441 1182 3497 mt-
1226 3444 1229 3487 a

118 3570 121 3581 ,
201 3524 243 3600 lo
261 3522 489 3605 atrociffimo
515 3530 736 3605 mederetur
755 3553 843 3632 pars
868 3528 1034 3629 melior,
1058 3524 1103 3603 in
1129 3544 1183 3600 vt·
1228 3544 1229 3549 ‘

201 3648 315 3705 cuam
340 3648 386 3707 vt
409 3627 621 3735 plurimum
645 3629 772 3708 sedem
801 3653 870 3710 aut
895 3628 1096 3717 vicinior.
1129 3638 1185 3703 aut

91 3806 94 3811 .
201 3729 295 3807 exul
310 3729 460 3835 'quidam
472 3733 989 3836 episcopussubmittebatur,
1001 3730 1186 3834 quietim

198 3830 334 3912 senatu
371 3834 553 3918 teneriore
584 3837 741 3915 adiutus
777 3838 885 3944 gregi
920 3840 1073 3916 interea
1103 3828 1186 3911 fide·

106 3958 114 3977 ·
199 3936 297 4014 lium
326 3937 518 4039 praeesset.
575 3948 707 4042 Atque
725 3940 918 4021 vicarium
943 3942 1049 4019 hunc
1077 3936 1186 4041 pasto

198 4062 282 4118 rem
303 4037 573 4144 intercefforem
592 4046 659 4122 vel
675 4041 968 4124 interuentorem
987 4045 1124 4127 dicere
1140 4038 1186 4121 so·

198 4142 340 4222 lebant.
400 4148 543 4225 Verum
570 4173 657 4226 cum
677 4145 940 4229 intercessores
964 4148 1007 4229 hi
1034 4176 1116 4228 non
1137 4144 1189 4224 bo

199 4271 249 4322 na
275 4245 400 4326 solum
426 4249 666 4369 episcopatus
692 4254 831 4348 vacui,
862 4254 927 4333 sed
950 4253 1079 4333 sedem
1107 4271 1189 4359 quo·

197 4370 273 4450 que
299 4348 420 4452 ipsam
453 4359 645 4436 interdum
670 4356 929 4454 adfectarent,
953 4382 1004 4437 ne
1027 4355 1087 4441 ita
1106 4347 1188 4457 ‘qur

198 4454 285 4535 dem
307 4454 423 4539 rebus
446 4459 604 4543 ommno
631 4459 831 4568 prouisum
853 4460 927 4544 esse
957 4459 1190 4555 credebatur·

1040 4568 1146 4675 9¹¹²·
