2784 5167
528 830 738 929 Pri-na
789 836 854 913 111:
900 894 902 900 .
1075 854 1191 947 '315

167 1082 171 1087 -
193 1027 289 1125 uit,
312 1021 487 1126 illudque
504 1015 547 1097 in
563 1018 831 1100 monasterium
849 1016 1031 1109 bonorum
1048 1040 1193 1125 tempo-

172 1130 341 1229 ,ralium
380 1148 526 1227 capatc,
571 1127 638 1201 vel
674 1125 717 1201 in
748 1129 834 1205 luos
869 1124 1194 1228 conlanguineua,

200 1230 384 1337 lireligio
399 1229 537 1307 horum
554 1226 743 1307 bonorum
755 1224 800 1305 sit
812 1226 996 1325 incapax,
1018 1226 1094 1305 tine
1113 1226 1204 1307 vlla

201 1330 462 1431 reseruatione
481 1327 700 1421 transtulit,
726 1333 773 1408 ad
793 1327 877 1405 iura
898 1330 1028 1427 sponte
1047 1355 1087 1407 et
1103 1331 1195 1411 libe·

198 1462 243 1537 ις
261 1426 459 1529 abdicata,
485 1458 526 1509 et
547 1434 588 1509 in
614 1433 713 1511 alius
733 1433 905 1534 legitime
923 1434 1127 1520 translata,
1153 1453 1194 1513 et

198 1564 298 1621 acce
326 1564 406 1619 tata
426 1536 487 1613 ius
506 1538 692 1615 redeundi
713 1538 907 1627 retinere,
934 1538 1001 1613 vel
1018 1539 1065 1613 de
1090 1556 1194 1613 nouo

198 1628 403 1743 'adquirere
438 1636 594 1741 potuit?
646 1636 788 1717 Omnia
822 1637 908 1727 iura
945 1639 1107 1718 clamant
1144 1642 1193 1725 ad

201 1742 288 1823 iura
305 1741 480 1849 legitime
499 1744 720 1821 renunciata
740 1738 946 1843 regreffum
977 1767 1053 1817 nun
1080 1740 1194 1834 dari,

199 1848 267 1925 cui
283 1840 475 1947 principio
492 1846 634 1921 tamdiu
654 1843 934 1923 inuiolauiliter
964 1846 1038 1920 erit
1064 1844 1193 1921 inhae-

200 1952 393 2037 rendum,
418 1948 589 2047 quamdiu
606 1944 797 2054 ¹exceptio
816 1946 856 2023 in
885 1948 1031 2051 legibus
1058 1944 1194 2025 nostris

203 2045 466 2129 ecclesiasticis
485 2072 522 2127 et
550 2052 730 2130 ciuilibus
754 2050 914 2155 priuatis
934 2053 999 2129 vel
1027 2052 1194 2155 publicis

203 2173 249 2269 et
271 2154 614 2269 fundamentalibus
633 2156 804 2235 fundata·
820 2152 1040 2234 luculenter
1059 2178 1193 2257 proua-

201 2280 243 2337 τι
262 2276 404 2359 nequit.
1193 2294 1200 2313 ·

529 2518 569 2623 p.
596 2516 863 2598 ccccxxxi.
970 2542 973 2547 ·

241 2776 245 2781 .
316 2718 471 2821 Quibus
481 2746 570 2826 pax
594 2662 832 2829 Vestpltalica
859 2744 935 2797 non
946 2720 1077 2822 fauet.

251 2896 446 2975 ..Norunt
468 2918 624 2987 umnec,
651 2920 836 2983 canones,
863 2918 903 2976 et
926 2897 1031 3000 leges
1053 2892 1192 2975 ciuiles
1319 2942 1321 2953 ·

200 3016 292 3077 ante
301 3020 436 3179 pacem
447 2998 661 3103 religiosam
671 3021 711 3078 et
724 2998 1017 3103 Westphalicam
1028 3004 1191 3079 latasre·

185 3098 298 3205 ,ligio
317 3126 342 3180 ο
360 3097 548 3202 apostatae
560 3101 632 3180 hac
650 3100 692 3179 in
709 3128 753 3179 re
771 3104 926 3179 minime
944 3104 1100 3191 fauere,
1129 3100 1193 3179 sed

199 3203 335 3283 necin
355 3200 466 3283 dictis
488 3200 816 3307 pacificationibus
827 3208 948 3283 vlluni
963 3201 1192 3308 praelidium

200 3328 274 3411 pro
294 3304 345 3385 iis
363 3303 536 3383 inuenio.
564 3308 657 3385 licet
692 3309 795 3384 enini
817 3304 855 3411 §
876 3330 932 3404 35.
959 3323 1035 3383 art.
1062 3305 1105 3385 V.
1126 3333 1191 3385 au·

201 3408 380 3513 gustante
396 3408 632 3487 confeffionis
650 3408 819 3489 subditos
835 3407 884 3485 ab
895 3404 1191 3487 haereditatibus

200 3512 387 3589 arcendus
405 3508 478 3589 elle
495 3514 711 3615 prohibeat,
741 3514 816 3594 hoc
834 3536 961 3591 tamen
978 3515 1025 3589 ad
1040 3512 1191 3615 religio·

200 3608 289 3691 sum
304 3612 537 3720 transfugam
552 3618 714 3695 'extendi
728 3644 802 3696 non
820 3614 956 3717 potest,
982 3613 1049 3717 qui
1066 3616 1106 3692 vi
1125 3640 1192 3694 vo·

201 3714 257 3810 ti,
284 3737 326 3794 ct
343 3716 441 3817 padi
465 3718 719 3800 renunciatiui
741 3722 787 3803 ab
809 3740 972 3823 vtraque
989 3719 1189 3821 republica

203 3820 440 3921 acceptante
451 3821 573 3923 ipsum
593 3820 830 3901 succeffionis
841 3821 1118 3901 haereditariae
1136 3824 1190 3898 in·

201 3944 384 4019 capacem
399 3925 575 4003 reddidit.
606 3928 641 3999 N
646 3951 691 4005 ec
710 3930 837 4007 malae¹
853 3923 987 4002 caulae
1005 3925 1071 4000 illa
1089 3926 1191 4002 clau·

201 4020 283 4105 sula
309 4022 421 4103 rebus
433 4026 493 4125 fic
506 4028 704 4129 stantibus
736 4025 1062 4131 patrocinabitur,
1088 4049 1188 4129 quae

199 4124 422 4229 profellioni
452 4130 654 4237 religiosae
677 4146 748 4210 nec
768 4156 819 4208 ex
847 4153 984 4208 natura
1010 4131 1091 4220 rei,
1118 4152 1191 4211 nec
1310 4206 1312 4211 .

200 4227 507 4333 exdispofitione
526 4236 621 4343 legis
640 4238 682 4315 in
702 4234 979 4334 praeiudicium
1004 4232 1189 4327 aliorum,

226 4330 340 4411 uibus
363 4336 540 4438 plenum,
590 4340 821 4443 periodum,
868 4360 908 4417 et
933 4335 1189 4415 irreuocabile

195 4458 262 4517 rua
286 4436 378 4519 iude
404 4440 613 4545 quaefitum
635 4443 697 4525 est.
750 4447 836 4524 Nec
863 4467 1006 4522 nouum
1032 4437 1105 4562 elle
1133 4438 1189 4522 di·

273 4610 276 4615 .
1069 4570 1135 4629 cit.
