2784 5167
682 482 686 509 l

797 588 801 601 ι
1207 601 1210 606 ,

223 990 226 997 ,
291 901 340 985 μ
392 874 813 956 lvrrernvnanrran
831 872 1223 973 Eccrrraraerrcrrr,

284 1063 1273 1159 Exhoccapltecnnrsrveaccrnsrancororronadsoen·

369 1151 588 1218 ssnusdixita
616 1149 742 1216 ostolia:
756 1146 1023 1211 attentendum
1031 1152 1273 1237 varnersronprot·

371 1235 464 1297 dicare
472 1233 642 1318 euangelium
650 1233 724 1298 omni
734 1247 895 1300 creaturae.
917 1230 1035 1296 Subdlt
1045 1235 1129 1301 sacer
1138 1242 1268 1302 texture
1292 1286 1294 1293 .

367 1319 419 1384 itti
443 1338 534 1382 aurem
580 1319 686 1402 rojefili
721 1314 954 1402 praedicatarum
984 1312 1093 1401 reique.
1136 1306 1299 1386 Mane(

367 1405 430 1464 Vl.
467 1422 518 1468 20.
560 1341 774 1486 §equaquam
816 1414 897 1482 ergo
933 1395 1075 1466 christus
1105 1401 1269 1486 apostolo!

367 1491 439 1554 snos
457 1487 497 1549 ad
512 1499 653 1564 certam,
675 1500 710 1549 et
726 1484 893 1550 limitatam
911 1484 1000 1548 orbis
1025 1498 1150 1570 partem
1166 1482 1267 1565 rnlfit,

353 1570 421 1639 led
447 1571 479 1632 in
508 1570 657 1634 mundum
681 1570 883 1643 volueritn,
905 1576 946 1631 vt
972 1565 1127 1637 docerent
1150 1583 1265 1634 omnen

363 1664 496 1740 gentes,
518 1669 553 1720 et
571 1652 794 1736 praedicarent
810 1651 944 1736 vbiqoe.

705 1871 745 1978 §⁰
772 1873 835 1950 LI.

413 2074 478 2158 Ab
505 2073 827 2189 apfflodrfenfim
855 2073 905 2176 est
932 2072 1138 2183 t'rrtrodrec'la.
1216 2098 1224 2119 ¹
1312 2061 1316 2075 ¹

370 2275 561 2352 adtamen
612 2270 753 2375 ueeeffia
779 2281 995 2379 temporum'
1015 2268 1176 2380 apostoli
1199 2268 1269 2377 Δί·

169 2380 171 2384 ’
285 2396 402 2480 qnam
424 2373 536 2476 reside
588 2375 789 2480 ispeciem
811 2379 1080 2482 praebuerunt
1133 2375 1270 2485 Singo-

283 2481 315 2559 li
337 2481 461 2573 enim,
488 2499 534 2558 vt
550 2477 668 2558 ellent
682 2480 839 2576 vbique,
864 2483 1080 2556 nullatenus
1094 2474 1181 2557 fieri
1195 2504 1267 2586 po·

284 2601 408 2660 terat:
434 2598 551 2683 quare
566 2579 666 2661 alius
685 2579 801 2665 aliam
817 2577 885 2661 srbi
903 2580 1006 2657 orbis
1030 2600 1177 2683 partem
1203 2584 1267 2659 de·

286 2685 452 2789 legerat:
478 2683 568 2762 isin
591 2682 767 2789 Europa,
791 2683 833 2761 in
855 2680 942 2762 Afia
965 2682 1051 2778 iste,
1076 2684 1145 2763 ille
1169 2682 1267 2764 alibi

282 2783 324 2862 in
349 2786 466 2863 vinea
483 2783 628 2865 domini
650 2786 857 2866 laborabat.
884 2796 1012 2890 Atque
1030 2787 1152 2894 prima
1165 2787 1268 2868 haec

281 2885 387 2964 orbis
420 2889 578 2992 partitio
617 2891 847 2993 ampliorum
884 2890 1010 2968 veluti
1042 2891 1268 2971 dioeceseon

284 2985 506 3070 diuifionem
516 2991 805 3097 praeseferebat
832 2993 1093 3101 inquibusipfi
1101 2992 1267 3100 discipli·

282 3114 355 3171 nae
378 3094 561 3192 arbitros,
588 3115 628 3175 et
646 3099 813 3180 reelores
838 3117 1008 3205 agerent.

694 3353 734 3460 s.
763 3357 843 3434 nn.

714 3501 828 3643 raam.

367 3751 412 3831 ln
439 3770 546 3837 tanta
569 3750 776 3833 etiamnum
794 3749 962 3849 laboris,
995 3772 1036 3834 et
1061 3748 1264 3859 regionum

284 3856 461 3939 vastitate
483 3856 658 3937 omnibus
681 3854 835 3962 apostoli
860 3858 987 3961 perse
1010 3857 1120 3937 fimul
1139 3856 1276 3952 adello

274 3969 360 4042 'non
387 3979 582 4065 poterant:
607 3982 725 4061 quare
742 3981 794 4038 ex
818 3958 1011 4064 discipulis
1030 3960 1105 4040 suis
1130 3960 1264 4067 selige·

276 4064 394 4162 bant,
421 4089 517 4171 qnos
535 4065 603 4144 vel
621 4059 788 4142 ecclesiis
810 4087 945 4144 recens
967 4063 1154 4144 extrutlis
1169 4060 1262 4165 epis·

282 4190 400 4346 topos
418 4164 692 4271 praeficerent,
719 4167 786 4245 vel
807 4165 845 4246 in
870 4166 1157 4256 remotiffimas,
1184 4189 1262 4268 quo

282 4293 323 4371 rp
339 4297 352 4346 1
370 4273 508 4349 venire
525 4300 600 4352 non
621 4289 817 4375 poterant,
844 4291 967 4350 terras
983 4271 1065 4375 pari
1093 4294 1179 4349 cum
1197 4295 1264 4375 po·

281 4368 415 4451 testate
431 4370 658 4481 ablegarent.
685 4374 846 4450 Illorum
861 4373 916 4455 ita
944 4399 994 4452 ue
1008 4371 1264 4454 sedesardtio·

280 4472 387 4556 ribus
413 4473 699 4583 circumscripta
716 4475 893 4559 terminis
916 4400 1014 4571 luit,
1038 4499 1135 4581 qnos
1162 4475 1264 4558 dese·

1120 4602 1209 4658 rere
