2784 5167
270 945 320 1038 98
372 896 794 1007 Ivn1suuvuuua1aa
812 898 1223 1018 Eceuasiismcan,

682 1129 721 1238 p.
748 1131 864 1209 cxu.

226 1278 237 1405 .-
270 1330 357 1412 Nec
383 1356 458 1409 non
483 1323 610 1422 eadem
641 1322 830 1532 dingg
845 1321 921 1426 sub
955 1294 1105 1436 diuersa
1137 1343 1267 1451 tm
1297 1442 1301 1449 ¹

674 1452 779 1534 repe
813 1453 850 1505 u.
1230 1450 1233 1455 ’

363 1624 430 1701 Lis
449 1621 568 1728 potest
586 1618 695 1720 oriri*
705 1623 851 1724 duplex
870 1623 917 1700 de
942 1619 1129 1727 dignitate
1155 1618 1263 1701 coad·

272 1729 427 1807 iutoris.
482 1729 557 1804 Vel
588 1724 690 1801 enim
717 1725 760 1802 in
784 1721 961 1810 ecclesia,
998 1748 1065 1804 aut
1094 1722 1266 1826 capitulo

274 1854 479 1927 amvaon
509 1853 598 1906 cum
617 1850 820 1907 ctuulcts
834 1828 1047 1922 concurrit,
1099 1828 1141 1904 ui
1166 1826 1265 1907 ordi·

273 1957 323 2010 ne
341 1956 381 2013 et
402 1931 621 2010 conditione
635 1930 735 2007 intra
749 1930 919 2008 adiutum
936 1931 1023 2011 sunt
1040 1955 1087 2034 po
1118 1928 1172 2024 ti,
1198 1932 1265 2011 vel
1297 1934 1300 1943 '

276 2060 364 2115 cum
389 2056 748 2114 coamvaonauvs
775 2056 925 2126 atus,
951 2055 991 2112 et
1017 2056 1101 2112 tum
1132 2030 1265 2119 locunt

245 2215 248 2218 Α
275 2139 334 2216 sui
355 2119 581 2243 principalis
600 2159 774 2243 occupat.
818 2140 893 2215 Vel
909 2157 1043 2217 contra
1060 2136 1109 2215 iis
1128 2134 1267 2217 immii·
1303 2204 1311 2221 .

147 2312 151 2323 ,
275 2259 408 2334 cetur,
445 2241 511 2340 qui
538 2239 754 2346 principali·
771 2240 838 2348 ipsi
855 2240 1075 2320 conditione
1098 2264 1176 2318 non
1206 2264 1266 2323 ce·

275 2347 391 2437 dunt,
428 2363 467 2421 et
495 2366 574 2424 tum
597 2343 667 2422 hos
693 2345 797 2424 inter
822 2349 952 2424 locum
986 2343 1090 2446 capit
1123 2340 1265 2447 postte*

275 2472 394 2546 mum.
445 2448 647 2526 Rationem
673 2447 772 2527 hanc
791 2448 968 2525 adferunt
992 2445 1089 2525 iuris
1113 2446 1267 2539 canoni·

277 2552 316 2630 ci
333 2551 583 2653 interpretes:
598 2551 687 2654 quia
709 2551 769 2626 illi
787 2551 905 2627 radiis
915 2549 1071 2654 ‚fulgent
1085 2550 1267 2659 propriis,

275 2654 310 2733 is
331 2679 426 2731 vero
449 2650 610 2755 nonnisi
627 2653 835 2750 mutuatis,
861 2653 927 2732 seu
945 2653 1091 2733 alienis.
1175 2706 1177 2713 ·

277 2858 431 2924 Ganztn
451 2854 582 2940 debenefi
608 2882 638 2944 p.
656 2859 718 2926 IV.
747 2882 808 2948 cpp-
834 2866 879 2925 V·
906 2882 977 2924 num.
1000 2864 1051 2941 65.
1075 2860 1153 2943 seqq.
1198 2860 1267 2923 Alt-

360 2941 488 3025 quaudo
516 2956 622 3007 tamen
648 2945 732 3008 atiud
764 2946 868 3010 adhue
895 2948 1012 3010 intuitu
1037 2946 1266 3009 extraneorum

362 3029 512 3090 coadiuto
530 3044 594 3089 uun
613 3029 827 3094 subiet‘torum
847 3028 1028 3095 faciendum
1046 3028 1089 3093 est
1100 3030 1266 3093 discrimen

361 3114 450 3175 iuxta
469 3108 685 3175 diuerfitatem
704 3111 907 3180 functionum.
952 3119 989 3177 ln
1007 3114 1170 3197 aliquibus
1186 3113 1267 3177 enim

359 3198 580 3278 praerogatiua
598 3197 689 3259 datur
705 3202 821 3262 intuitu
840 3200 1002 3282 qualitatis
1023 3197 1216 3282 personalis:
1235 3196 1267 3261 in

361 3276 430 3344 aliis
453 3297 537 3343 veto
556 3283 644 3347 iuxta
664 3286 919 3368 praerogatiuam
939 3280 1035 3366 ipsius
1052 3280 1228 3368 dignitatis.

661 3483 700 3621 ς.
758 3485 888 3601 CXLI.

334 3714 515 3821 Congrua
529 3748 686 3828 quoque
699 3728 884 3851 portione
902 3725 990 3833 ipfia
1011 3725 1222 3834 affigam.

369 3913 686 4031 Quandpquidem
706 3922 852 4020 pondus
876 3920 1099 3998 uniuersum
1115 3912 1269 4023 regimi-

277 4015 339 4095 nis
357 4018 527 4094 adiutum
545 4020 756 4115 mcumbit,
773 4024 873 4103 nihil
889 4025 1049 4126 aequius
1069 4021 1139 4115 est,
1155 4044 1270 4125 quam

275 4140 323 4199 vt
349 4120 524 4198 laborum
546 4119 702 4201 suorum
724 4126 869 4210 fructus
899 4126 1096 4232 percipiat.
1154 4124 1271 4229 Quod

272 4222 314 4336 fi⁸
347 4243 453 4338 tanta
494 4221 540 4301 fit
603 4229 798 4307 redituum
842 4233 1083 4338 amplitudo,
1129 4249 1176 4307 vt
1219 4228 1271 4308 di·

275 4326 360 4404 tuda
393 4325 434 4401 in
468 4350 651 4430 varosque
688 4342 886 4418 commode
920 4335 1051 4440 polin,
1079 4335 1121 4410 in
1149 4352 1276 4412 vtros-

275 4449 352 4540 que
382 4451 652 4512 ammonam
680 4436 891 4531 videlicet,
926 4464 966 4521 et
983 4458 1198 4517 nulvavm
1216 4436 1277 4517 di-

278 4527 451 4611 tudatur:
488 4530 599 4616 secus
622 4541 670 4617 de
685 4538 943 4631 ⁵facultatibus
971 4539 1153 4626 ecclesiae
1182 4563 1277 4621 con·

1153 4666 1221 4725 ue·
