2784 5167
202 867 277 971 436
302 866 699 942 Ivatsunvuuunlnu
715 855 1106 962 Ecctusumcan,

202 1076 320 1138 nuato.
372 1056 416 1130 ln
437 1051 506 1128 illo
522 1043 610 1126 casu
628 1044 784 1140 verique
807 1047 972 1155 coniugi
995 1051 1112 1132 etiam
1129 1051 1177 1134 in·

202 1164 288 1242 uito
308 1159 427 1235 altero
447 1148 630 1255 ingrell'us
643 1149 685 1227 in
705 1152 881 1229 ordinem
896 1154 1118 1257 religiosum
1128 1159 1178 1236 in·

203 1289 264 1348 tra
292 1263 466 1339 bimestre
492 1281 515 1330 a
546 1252 607 1328 die
640 1253 862 1354 nuptiarum
886 1263 1179 1360 computandum

203 1364 400 1475 permillus
418 1358 564 1448 ellim,
590 1376 638 1433 vt
651 1357 948 1438 matrimonium
964 1363 1086 1441 secuta
1120 1389 1176 1442 ro-

202 1469 357 1554 senione
383 1459 529 1544 solenni
546 1458 663 1538 etiam
687 1464 813 1562 quoad
839 1464 1044 1544 vinculum
1092 1467 1100 1480 '
1144 1463 1172 1542 l·

202 1595 318 1654 untur
334 1595 417 1671 cap.
446 1595 479 1642 e.
506 1587 540 1664 7.
564 1586 622 1655 14
638 1562 684 1640 de
705 1591 874 1644 conuers.
895 1567 1037 1667 conutg.
1083 1567 1170 1666 Pd-

203 1702 317 1781 quam
338 1693 466 1751 autem
487 1666 787 1744 consummatum
805 1668 858 1746 est
874 1669 1173 1768 matrimonium,

203 1780 328 1862 tribus
357 1797 506 1855 tantum
541 1769 583 1846 in
614 1770 757 1848 casibus
783 1757 1012 1877 religionim
1030 1771 1170 1880 iugmdi

203 1880 364 1988 poliunt
418 1872 473 1979 1.)
500 1868 665 1973 Coniuge
687 1871 799 1949 libere
825 1902 872 1952 ac
879 1881 1025 1982 sponte
1042 1879 1166 1978 conseat-

202 1983 331 2063 tiente.
386 1979 501 2057 Secus
520 1975 694 2077 prolellio
713 1978 872 2055 alterius
888 1982 1000 2058 nulla
1017 1979 1082 2060 etit
1094 1993 1161 2056 out

202 2115 242 2164 ι.
263 2079 466 2161 XXXIII.
494 2105 530 2181 q.
560 2078 603 2158 V.
636 2103 719 2181 cap.
749 2101 805 2179 17.
835 2079 918 2160 eod.
957 2087 1166 2161 naemu

205 2186 444 2268 conditiones
462 2183 546 2262 sunt
564 2179 727 2278 positae,
754 2206 800 2259 vt
830 2185 904 2261 vni
925 2181 1168 2286 profeffionn

204 2288 336 2371 edenti
356 2289 456 2367 alter
469 2312 545 2362 non
566 2305 715 2363 tantum
734 2284 972 2382 consentiat,
999 2289 1059 2370 sed
1073 2285 1167 2366 elim

204 2392 287 2501 ipse
308 2416 456 2494 quoque
484 2390 551 2465 vel
576 2390 624 2465 ad
651 2386 880 2490 religionem
909 2393 1093 2487 transeat,
1108 2387 1166 2470 vel

210 2516 404 2603 perpetuo
430 2492 640 2571 castitatem
666 2489 820 2567 seruare
839 2517 993 2576 voueat
1017 2519 1091 2572 ean.
1118 2511 1167 2598 ιρι

208 2591 872 2696 26.XXV11.q.Il.cap.1.4.5.
901 2597 938 2674 6.
965 2589 1164 2692 atoue

206 2705 264 2799 ς.)
291 2698 459 2798 Coniuge
465 2698 712 2794 fornicum&
739 2696 959 2792 innocenti,
986 2699 1161 2780 mneuen

205 2804 362 2884 nocenti
382 2799 579 2904 religionis
596 2793 780 2902 ingrellus
804 2795 1085 2905 permillusess,
1111 2799 1161 2880 ul·

206 2910 337 2985 ultero
366 2903 484 2983 etiam
510 2901 634 2990 inuito
662 2929 746 2978 can.
773 2927 832 2980 οι.
859 2899 1040 2988 XXVII.
1068 2929 1100 3008 q.
1118 2895 1165 2980 Π.

206 3035 291 3113 cap.
314 3033 329 3086 ι
336 3029 369 3107 5.
394 3007 450 3084 16.
472 3000 552 3104 eod.
607 3008 662 3104 3.)
689 3003 856 3108 Coniuge
874 3004 915 3083 in
935 3003 1168 3112 Ituerefinltp·

96 3178 101 3187 .
196 3113 267 3216 so.
293 3135 411 3216 quem
431 3129 558 3186 tamen
579 3107 761 3186 innocens
787 3106 855 3187 reli
885 3109 1072 3190 iscentem
1090 3103 1168 3188 reci·

137 3235 140 3242 ·
236 3238 303 3291 ere
322 3232 476 3306 tenetur
495 3238 576 3286 cun.
594 3206 833 3316 5.6.seq.X
879 3207 1112 3317 Vllth:
1156 3261 1169 3296 ι

200 3238 270 3415 ΞΛ.
291 3314 371 3392 eod.
390 3342 472 3417 cup.
484 3314 520 3389 6.
537 3309 582 3389 de
597 3312 734 3390 diuort.
835 3315 935 3394 Cum
954 3338 1087 3396 votat
1148 3311 1157 3330 ”

207 3418 321 3524 giofis
341 3416 534 3498 societatis
550 3415 631 3493 lesu
640 3416 720 3518 post
730 3418 946 3498 biennalem
961 3411 1193 3498 nouitium*

206 3521 312 3599 edita
331 3546 404 3598 non
421 3519 567 3596 fuerint
589 3520 758 3599 solennia
777 3576 789 3615 ‚
823 3522 1110 3602 matrimonium
1128 3543 1172 3604 ne

205 3645 289 3700 tum
308 3649 384 3701 non
400 3620 666 3715 diffoluebant,
692 3624 787 3702 licet
802 3624 1055 3703 matrimonio
1069 3623 1184 3730 pollet.

209 3725 339 3803 valide
361 3726 618 3804 contrahendo
638 3726 913 3831 impedimento
930 3729 1090 3812 fuerint·
1163 3787 1171 3808 .

212 3928 409 3997 Gonztuttz
431 3930 468 3993 tul
485 3954 511 3993 c.
529 3951 557 4000 a.
578 3931 612 3996 de
630 3952 757 4002 conutts.
776 3933 892 4018 ceniug.
