2784 5167
381 185 1230 501 —

1166 552 1168 559 .

1164 566 1166 573 .

551 652 556 659 .

218 894 297 989 ⁴26
321 894 734 969 Ivu1suuv1>unu1nu
752 884 1156 985 E‘ccusufflcn.

213 1077 298 1154 uit:
320 1072 441 1154 Nulla
459 1071 690 1153 renunciatio
710 1093 780 1153 aut
797 1072 984 1177 obligatio
1010 1096 1105 1163 ante
1112 1108 1207 1183 pro·

200 1179 396 1279 jffonent
412 1177 528 1277 facia
563 1178 677 1255 etiam
712 1205 795 1257 cum
820 1174 1059 1279 iuramento,
1086 1176 1146 1263 uel
1165 1186 1207 1265 in

200 1282 385 1381 fauorem
410 1281 655 1385 cuiuscunque
678 1284 813 1382 causae
833 1279 931 1385 piae
957 1280 1099 1378 valeat,
1132 1286 1207 1387 rufi

213 1410 295 1491 cunt
310 1382 460 1463 licentia
479 1382 664 1489 episcopi,
679 1382 763 1483 stuc
783 1381 863 1463 eius
893 1380 1031 1461 vicarii
1038 1384 1119 1486 fiat
1141 1390 1200 1467 in.

212 1507 280 1563 tra
307 1486 402 1564 duos
430 1491 568 1585 menses
618 1486 788 1565 roximos
806 1504 898 1565 ante
910 1488 1195 1587 profeffionanc

214 1616 261 1667 oc
284 1616 360 1667 non
383 1587 481 1667 alias
495 1589 573 1665 inte
601 1588 728 1691 igatur
744 1586 1196 1689 effeciwusutmfitrtiri,

214 1690 283 1791 nist
288 1697 425 1793 secuta
430 1690 662 1794 prosefflone.
687 1686 815 1769 Aliter
832 1718 921 1771 vero
934 1688 1032 1785 feda
1048 1692 1201 1795 etiamst

214 1821 297 1875 cunt
313 1792 582 1893 buiusfauoris
598 1795 769 1897 expreffa
782 1792 1053 1871 renunciatione
1076 1798 1199 1875 etiant

212 1898 363 1985 iurata,
390 1894 612 1993 mnmfit
635 1915 673 1974 et
698 1894 834 1973 nullius
853 1896 1016 1997 effecius.
1043 1894 1115 1979 Set
1130 1926 1195 1977 ne·

213 2023 285 2101 que
307 2019 397 2075 ante
419 1999 676 2103 profeffionem
705 2016 861 2097 excepto
890 1998 1011 2098 vitiu,
1039 2020 1074 2079 ct
1093 2000 1195 2101 vesti·

212 2120 257 2177 tu
283 2101 440 2197 nouitii,
481 2098 542 2179 vel
568 2099 736 2179 nouitiae
763 2100 863 2180 illius
892 2102 1102 2207 temporit,
1126 2128 1201 2209 quo

211 2202 254 2281 in
273 2202 504 2308 probatione
527 2204 593 2305 est,
623 2226 1071 2310 quocunque-praetextu
1093 2236 1121 2285 a
1132 2232 1203 2309 pa·

211 2306 402 2400 rentibus,
428 2307 488 2385 vel
497 2307 745 2411 propinquis,
771 2326 840 2384 aut
863 2308 1109 2387 curatoribus
1126 2309 1205 2391 etur

209 2409 433 2509 monasterio
454 2408 599 2513 aliquid
612 2436 662 2487 ex
678 2406 787 2487 bonis
801 2408 965 2488 eiusdem
986 2410 1201 2497 tribuatur

210 2540 258 2591 ne
279 2509 353 2592 nuc
381 2512 568 2611 occafione
591 2510 773 2614 discedere
795 2534 983 2617 nequeat,
1017 2512 1122 2617 quod
1144 2534 1201 2591 to·

210 2633 313 2708 tunt,
337 2614 399 2693 vel
413 2616 593 2691 maiorem
612 2634 762 2717 partem
778 2615 1199 2717 suirstantiaesuaento·

210 2716 409 2833 neoterium
430 2717 636 2832 poffideat;
673 2741 742 2795 nec
762 2716 887 2816 facilc
905 2716 949 2817 fi
981 2716 1191 2823 dffcefferit',

209 2814 255 2898 td
271 2844 486 2923 recuperari
503 2819 627 2924 poffit.

209 3020 302 3091 bzss.
318 3022 430 3090 XXV.
452 3043 515 3108 cap.
537 3033 584 3086 16.
604 3025 638 3089 de
656 3025 746 3108 regat.

575 3284 612 3392 ς.
647 3244 820 3369 uuxuc

211 3485 334 3591 Quod
369 3487 466 3569 idem
499 3492 546 3571 de
571 3493 850 3572 renunciatione
883 3510 955 3570 aut
998 3494 1229 3601 abeuntiaf'

299 3594 471 3694 nefac'ia
486 3615 576 3673 ante
596 3596 795 3701 ingrestum
816 3595 1013 3675 dicendum
1035 3604 1098 3701 est.

287 3766 380 3844 Inde
407 3762 576 3846 infertur
605 3773 656 3867 1.)
681 3768 785 3848 nulla
810 3766 883 3847 effe
906 3790 1001 3847 ante
1030 3768 1177 3849 vltimot

82 3892 91 3917 ²
203 3870 299 3950 duos
323 3894 473 3948 annuae
500 3870 735 3973 probationis
763 3869 908 3950 menses
941 3890 1175 3975 quaecunque

195 3972 336 4077 potia,
351 3970 520 4069 cefflones
534 3994 571 4050 et
590 3972 838 4078 obligationes
855 3974 1104 4063 nouitiorunt,
1125 3996 1175 4053 cu·

201 4078 416 4180 iuscunque
442 4077 578 4157 aetatis
601 4076 693 4173 fint,
730 4079 867 4187 quibus
901 4103 1036 4157 eorum
1073 4080 1170 4165 bont,

200 4202 269 4261 aut
284 4181 372 4259 iura
390 4178 636 4273 minuuntur,
664 4184 891 4272 autminus,
919 4206 1036 4281 quam
1057 4182 1171 4264 datu,

198 4283 400 4388 recipitur.
452 4282 506 4384 α.)
526 4285 569 4360 Id
584 4286 700 4365 etiam
718 4292 766 4369 de
788 4286 1071 4365 renunciatione
1086 4282 1191 4371 bito,

186 4380 293 4487 ficii,
319 4388 419 4487 quod
434 4408 523 4468 ante
541 4387 746 4495 ingreffum
773 4387 941 4470 nouitius
962 4388 1171 4493 poffidebats

193 4486 488 4599 intelligendum
512 4490 609 4593 effe,
644 4500 816 4605 adeoque
850 4494 1080 4601 derogatum
1112 4480 1171 4567 effe

372 4628 379 4641 ·
862 4648 865 4653 -
1050 4618 1129 4701 cap.
