2784 5167
532 772 534 779 ¹
559 784 591 865 P
622 810 649 860 a
679 808 703 856 n
732 805 750 861 s
800 783 861 858 ΙΙΙ.

612 987 651 1091 §-
684 991 799 1066 cvtr.
911 1096 914 1102 Ι

532 1193 638 1274 Orto
653 1195 739 1275 inde
755 1194 894 1300 regula.

298 1355 367 1431 Etr
390 1353 463 1430 hac
490 1350 571 1454 ipsa
606 1377 703 1431 vero
739 1351 976 1430 distinctione
1011 1350 1201 1430 celebrata

218 1455 311 1538 haec
341 1481 386 1532 re
415 1458 477 1532 ula
509 1452 785 1556 proficiscitur:
802 1453 981 1554 beneficia
1010 1451 1202 1556 regularia

218 1557 380 1661 regular
406 1587 469 1643 ur,
486 1556 676 1647 secularia
690 1553 923 1658 secularibus
948 1558 1090 1642 clericis
1107 1559 1203 1654 funt

219 1657 451 1761 eonferenda.
506 1661 638 1741 Perse
657 1661 777 1767 igitur
797 1686 908 1741 nemo
928 1660 1203 1742 monachorum

209 1765 485 1862 parochiarum
501 1763 818 1847 administrationi
837 1763 996 1843 idoneus
1016 1762 1200 1855 censetur.
1296 1823 1299 1830 .

212 1863 305 1945 vid.
329 1871 532 1945 FaGNAN.
552 1864 607 1942 ad
622 1894 703 1971 cup.
714 1892 750 1953 5.
761 1863 807 1942 de
811 1866 921 1964 statu
945 1860 1110 1944 ntonaclr.
1134 1885 1205 1939 nec

198 1967 393 2075 opinioni
424 1972 640 2047 contrariae
674 1971 745 2047 vlli
773 1969 1061 2071 patrocinantur
1094 1991 1202 2047 cano·

196 2091 312 2165 neo,
347 2099 396 2150 ne
424 2072 578 2174 quidem
602 2073 662 2166 ii,
704 2096 798 2178 quos
825 2074 1090 2151 Gnarranvs
1119 2065 1200 2166 dist.

178 2165 261 2248 J(
267 2169 335 2251 VI.
351 2200 387 2275 q.
399 2169 430 2246 I.
444 2199 526 2250 can.
540 2200 594 2250 nr.
610 2197 668 2269 25.
679 2176 715 2250 S.
729 2186 951 2254 Anrnnosro
970 2197 1009 2252 et
1021 2174 1204 2254 Bonr'ra·

217 2300 298 2351 cro
315 2273 357 2347 P.
381 2299 577 2376 perperam
590 2278 738 2368 tribuit.
791 2278 949 2352 Nullum
970 2302 1075 2356 certe
1099 2275 1209 2352 vesti·

223 2379 360 2479 giam,
386 2372 415 2453 st
439 2376 595 2455 eruditos
615 2380 729 2457 hodie
744 2376 982 2465 consulimus,
1002 2379 1209 2455 monachor

212 2482 263 2559 r‘n
282 2479 484 2582 parochias
503 2482 665 2559 vocandi
681 2483 900 2574 moriS‚nec
918 2477 1004 2558 VII.
1015 2504 1083 2557 nec
1096 2480 1132 2558 V
1128 2474 1204 2554 III.

179 2580 338 2682 :ficulo
364 2580 534 2686 adparet.
587 2590 717 2684 Quare
749 2612 826 2663 non
861 2585 1053 2664 immerito
1090 2580 1207 2660 etiam

221 2688 483 2764 Innocnnrrr
504 2688 565 2762 [ΙΙ.
587 2687 792 2766 auctoritas
814 2688 998 2773 concidit,
1033 2686 1098 2790 qui
1118 2687 1204 2788 plus

220 2787 1209 2895 iusto‚cumadantiquoscanonesprouocarenGna·

223 2913 366 2978 runo
389 2891 558 2974 credidit.
596 2893 797 2972 Praeclara
814 2893 939 2997 potius
957 2894 1009 2972 est
1029 2898 1208 2970 reclama·

222 2993 280 3074 tio
297 2995 445 3073 concilii
469 2988 761 3097 chalcedonenfir
770 3024 813 3101 p.
832 2992 903 3075 ΙΙΙ.
922 2995 992 3074 acl.
1009 2992 1104 3072 XV.
1126 3022 1210 3071 can.

222 3115 259 3191 4
286 3098 550 3203 episcoporum
569 3100 580 3175 i
611 3099 685 3176 itur
710 3099 870 3201 imperio
891 3097 1080 3201 parochiis
1102 3120 1210 3198 prae·

223 3191 291 3278 fici
308 3201 505 3305 regulares
523 3124 680 3305 polum.
735 3210 844 3308 Quae
875 3200 1067 3306 generalis,
1095 3219 1207 3299 regu·

225 3300 286 3380 lae
316 3303 496 3403 exceptio
518 3307 722 3384 tridentino
750 3332 826 3386 non
850 3303 1073 3410 improbata.
1126 3303 1206 3375 Imo

224 3401 253 3480 s¹
271 3405 396 3506 Placet
411 3403 609 3501 ecclefiae,
639 3410 685 3484 ad
708 3407 967 3514 episcopatum
984 3403 1109 3586 ipsum
1123 3424 1212 3480 eue-

224 3504 270 3583 hi
292 3506 447 3608 possunt.
501 3512 543 3586 In
563 3537 607 3589 eo
627 3531 778 3596 tantum
807 3510 983 3589 nonnulli
1029 3503 1208 3596 aefitant,

222 3605 324 3687 fitne
341 3607 530 3790 poptificis
555 3614 703 3693 romani
727 3613 956 3717 dispensatio
980 3606 1206 3700 nocellaria,

225 3734 301 3791 nec
321 3737 371 3791 sse

226 3915 306 3982 Vld.
329 3919 546 3985 Gonzannz.
569 3921 598 3984 in
622 3943 763 3989 comment.
787 3927 826 3989 ud
839 3952 864 3989 c.
891 3934 918 4004 ς.
940 3922 972 3986 de
991 3920 1055 3999 flur.
1080 3911 1206 3980 monati-

312 4002 413 4066 Adde
431 4007 567 4069 Torius.
585 4029 615 4092 p.
633 4008 659 4070 Ι.
678 4010 727 4072 lin.
750 4010 815 4076 III,
835 4031 896 4093 cap.
927 4026 974 4084 ¹3·
994 4007 1073 4086 seqq.
1093 4002 1209 4061 Fulv-

310 4097 371 4150 rur
389 4083 478 4153 inllit.
490 4086 547 4152 iar.
565 4093 660 4154 ecclei
682 4113 709 4163 p.
724 4092 765 4155 ll.
777 4118 801 4154 c.
818 4114 864 4166 ¹9·
892 4097 1004 4172 Atque
1023 4087 1101 4150 haec
1120 4098 1211 4165 regu·

307 4171 340 4234 la
358 4171 509 4234 omnibus
535 4173 700 4238 canonistis
730 4178 863 4258 probata
889 4174 920 4235 in
942 4170 1037 4234 variis
1063 4165 1211 4231 fundatur

312 4256 461 4317 textibus
473 4251 556 4321 iuris.
576 4278 638 4325 can.
660 4278 687 4337 5.
700 4275 726 4319 er
748 4277 793 4321 ια.
812 4257 844 4320 de
860 4254 956 4341 prueb.
975 4253 1005 4316 r‘n
1022 4254 1050 4317 6.
1066 4249 1144 4314 clem.
1163 4269 1210 4310 vn.

309 4335 345 4398 le
363 4337 452 4405 fiwol-
475 4342 547 4412 neri.
574 4344 663 4421 procl.
688 4341 760 4405 adri.
788 4364 850 4427 cup.
872 4357 919 4401 2⁷.
940 4336 972 4399 de
993 4338 1069 4400 elec'l.
1100 4334 1212 4396 ann.

305 4421 368 4505 seff-
389 4419 444 4486 XI
445 4424 483 4484 V.
499 4447 562 4512 cup.
584 4448 630 4488 ro.
655 4424 687 4486 de
707 4428 821 4504 reform.
837 4443 864 4489 et
874 4418 938 4505 Μ.
957 4419 1071 4489 XXII·
1099 4437 1179 4562 carl-d
1183 4429 1213 4477 2·

676 4512 747 4588 Eu
1136 4516 1155 4562 e
1227 4535 1234 4554 ·
1268 4523 1272 4537 ¹
