<?xml version="1.0" encoding="UTF-8"?>
<!DOCTYPE html PUBLIC "-//W3C//DTD XHTML 1.0 Transitional//EN"
    "http://www.w3.org/TR/xhtml1/DTD/xhtml1-transitional.dtd">
<html xmlns="http://www.w3.org/1999/xhtml" xml:lang="en" lang="en">
 <head>
  <title>
</title>
<meta http-equiv="Content-Type" content="text/html;charset=utf-8" />
  <meta name='ocr-system' content='tesseract 3.04.00' />
  <meta name='ocr-capabilities' content='ocr_page ocr_carea ocr_par ocr_line ocrx_word'/>
</head>
<body>
  <div class='ocr_page' id='page_1' title='image "./institutionumiu02canogoog/institutionumiu02canogoog_0104.png"; bbox 0 0 2784 5167; ppageno 0'>
   <div class='ocr_carea' id='block_1_1' title="bbox 341 760 1169 923">
    <p class='ocr_par' dir='ltr' id='par_1_1' title="bbox 341 760 1169 923">
     <span class='ocr_line' id='line_1_1' title="bbox 341 760 1169 923; baseline 0.001 -31"><span class='ocrx_word' id='word_1_1' title='bbox 341 760 392 889; x_wconf 33' lang='grc' dir='ltr'><em>Ι,</em></span> <span class='ocrx_word' id='word_1_2' title='bbox 498 807 858 893; x_wconf 56' lang='lat' dir='ltr'><em>&#39;Pensm</em></span> <span class='ocrx_word' id='word_1_3' title='bbox 1114 836 1169 923; x_wconf 76' lang='lat'><em>55</em></span> 
     </span>
    </p>
   </div>
   <div class='ocr_carea' id='block_1_2' title="bbox 98 990 1166 1625">
    <p class='ocr_par' dir='ltr' id='par_1_2' title="bbox 156 990 1166 1113">
     <span class='ocr_line' id='line_1_2' title="bbox 156 990 1166 1113; baseline 0.003 -31"><span class='ocrx_word' id='word_1_4' title='bbox 156 998 430 1113; x_wconf 66' lang='lat' dir='ltr'><em>quotidianae,</em></span> <span class='ocrx_word' id='word_1_5' title='bbox 456 990 518 1080; x_wconf 83' lang='lat' dir='ltr'><em>vel</em></span> <span class='ocrx_word' id='word_1_6' title='bbox 529 996 589 1075; x_wconf 87' lang='lat' dir='ltr'><em>ita</em></span> <span class='ocrx_word' id='word_1_7' title='bbox 604 1016 755 1097; x_wconf 71' lang='lat' dir='ltr'><em>tenues,</em></span> <span class='ocrx_word' id='word_1_8' title='bbox 781 1017 824 1078; x_wconf 81' lang='lat' dir='ltr'><em>ut</em></span> <span class='ocrx_word' id='word_1_9' title='bbox 836 999 1085 1101; x_wconf 80' lang='lat' dir='ltr'><em>verisimiliter</em></span> <span class='ocrx_word' id='word_1_10' title='bbox 1100 1034 1166 1085; x_wconf 89' lang='lat' dir='ltr'><em>ne·</em></span> 
     </span>
    </p>

    <p class='ocr_par' dir='ltr' id='par_1_3' title="bbox 160 1099 1165 1213">
     <span class='ocr_line' id='line_1_3' title="bbox 160 1099 1165 1213; baseline -0.002 -25"><span class='ocrx_word' id='word_1_11' title='bbox 160 1109 376 1213; x_wconf 64' lang='lat' dir='ltr'><em>giguntur,</em></span> <span class='ocrx_word' id='word_1_12' title='bbox 415 1099 747 1208; x_wconf 81' lang='lat' dir='ltr'><em>tertiam-partem</em></span> <span class='ocrx_word' id='word_1_13' title='bbox 761 1105 961 1203; x_wconf 71' lang='lat' dir='ltr'><em>fruciuum</em></span> <span class='ocrx_word' id='word_1_14' title='bbox 977 1136 1165 1212; x_wconf 82' lang='lat' dir='ltr'><em>¹quorum·</em></span> 
     </span>
    </p>

    <p class='ocr_par' dir='ltr' id='par_1_4' title="bbox 163 1205 1165 1318">
     <span class='ocr_line' id='line_1_4' title="bbox 163 1205 1165 1318; baseline -0.003 -25"><span class='ocrx_word' id='word_1_15' title='bbox 163 1240 303 1318; x_wconf 79' lang='lat' dir='ltr'><em>amque</em></span> <span class='ocrx_word' id='word_1_16' title='bbox 315 1229 591 1317; x_wconf 75' lang='lat' dir='ltr'><em>praecautum,</em></span> <span class='ocrx_word' id='word_1_17' title='bbox 627 1226 665 1284; x_wconf 91' lang='lat' dir='ltr'><em>et</em></span> <span class='ocrx_word' id='word_1_18' title='bbox 683 1205 949 1285; x_wconf 86' lang='lat' dir='ltr'><em>abuentionum</em></span> <span class='ocrx_word' id='word_1_19' title='bbox 976 1231 1057 1291; x_wconf 91' lang='lat' dir='ltr'><em>tam</em></span> <span class='ocrx_word' id='word_1_20' title='bbox 1081 1210 1165 1316; x_wconf 83' lang='lat' dir='ltr'><em>dig-</em></span> 
     </span>
    </p>

    <p class='ocr_par' dir='ltr' id='par_1_5' title="bbox 158 1310 1165 1417">
     <span class='ocr_line' id='line_1_5' title="bbox 158 1310 1165 1417; baseline -0.001 -24"><span class='ocrx_word' id='word_1_21' title='bbox 158 1318 327 1415; x_wconf 75' lang='lat' dir='ltr'><em>nitatum</em></span> <span class='ocrx_word' id='word_1_22' title='bbox 367 1337 480 1417; x_wconf 83' lang='lat' dir='ltr'><em>quam</em></span> <span class='ocrx_word' id='word_1_23' title='bbox 515 1310 825 1405; x_wconf 83' lang='lat' dir='ltr'><strong><em>canonicatuum,</em></strong></span> <span class='ocrx_word' id='word_1_24' title='bbox 861 1312 1165 1414; x_wconf 74' lang='lat' dir='ltr'><em>perstrnatuum,</em></span> 
     </span>
    </p>

    <p class='ocr_par' dir='ltr' id='par_1_6' title="bbox 98 1409 1165 1625">
     <span class='ocr_line' id='line_1_6' title="bbox 148 1409 1165 1525; baseline -0.002 -28"><span class='ocrx_word' id='word_1_25' title='bbox 148 1420 402 1525; x_wconf 73' lang='lat' dir='ltr'><em>portionum,</em></span> <span class='ocrx_word' id='word_1_26' title='bbox 428 1432 467 1493; x_wconf 88' lang='lat' dir='ltr'><em>et</em></span> <span class='ocrx_word' id='word_1_27' title='bbox 484 1409 694 1515; x_wconf 84' lang='lat' dir='ltr'><em>officiorum</em></span> <span class='ocrx_word' id='word_1_28' title='bbox 699 1417 881 1519; x_wconf 69' lang='lat' dir='ltr'><em>separari</em></span> <span class='ocrx_word' id='word_1_29' title='bbox 895 1410 1048 1515; x_wconf 84' lang='lat' dir='ltr'><em>debere,</em></span> <span class='ocrx_word' id='word_1_30' title='bbox 1076 1436 1114 1498; x_wconf 79' lang='lat' dir='ltr'><em>et</em></span> <span class='ocrx_word' id='word_1_31' title='bbox 1124 1418 1165 1495; x_wconf 87' lang='lat' dir='ltr'><em>in</em></span> 
     </span>
     <span class='ocr_line' id='line_1_7' title="bbox 98 1514 904 1625; baseline -0.009 -21"><span class='ocrx_word' id='word_1_32' title='bbox 98 1538 101 1547; x_wconf 88' lang='lat'>&#39;</span> <span class='ocrx_word' id='word_1_33' title='bbox 151 1518 443 1625; x_wconf 73' lang='lat' dir='ltr'><em>aflrtbuiones</em></span> <span class='ocrx_word' id='word_1_34' title='bbox 457 1514 705 1621; x_wconf 77' lang='lat' dir='ltr'><em>quotidianas</em></span> <span class='ocrx_word' id='word_1_35' title='bbox 724 1518 904 1599; x_wconf 80' lang='lat' dir='ltr'><em>conuerti.</em></span> 
     </span>
    </p>
   </div>
   <div class='ocr_carea' id='block_1_3' title="bbox 153 1703 1168 2136">
    <p class='ocr_par' dir='ltr' id='par_1_7' title="bbox 153 1703 1168 2136">
     <span class='ocr_line' id='line_1_8' title="bbox 153 1703 1166 1796; baseline -0.005 -17"><span class='ocrx_word' id='word_1_36' title='bbox 153 1712 228 1779; x_wconf 83' lang='lat' dir='ltr'><em>Pet</em></span> <span class='ocrx_word' id='word_1_37' title='bbox 257 1712 291 1776; x_wconf 86' lang='lat' dir='ltr'><em>se</em></span> <span class='ocrx_word' id='word_1_38' title='bbox 319 1719 417 1796; x_wconf 75' lang='lat' dir='ltr'><em>patet</em></span> <span class='ocrx_word' id='word_1_39' title='bbox 434 1706 509 1772; x_wconf 82' lang='lat' dir='ltr'><em>huic</em></span> <span class='ocrx_word' id='word_1_40' title='bbox 534 1705 728 1785; x_wconf 79' lang='lat' dir='ltr'><em>separationi</em></span> <span class='ocrx_word' id='word_1_41' title='bbox 756 1703 947 1772; x_wconf 67' lang='lat' dir='ltr'><em>locun-etto</em></span> <span class='ocrx_word' id='word_1_42' title='bbox 964 1726 1029 1773; x_wconf 87' lang='lat' dir='ltr'><em>non</em></span> <span class='ocrx_word' id='word_1_43' title='bbox 1051 1705 1166 1790; x_wconf 73' lang='lat' dir='ltr'><em>pote,</em></span> 
     </span>
     <span class='ocr_line' id='line_1_9' title="bbox 247 1788 1166 1880; baseline 0 -23"><span class='ocrx_word' id='word_1_44' title='bbox 247 1793 305 1859; x_wconf 77' lang='lat' dir='ltr'><em>nist</em></span> <span class='ocrx_word' id='word_1_45' title='bbox 324 1801 358 1858; x_wconf 83' lang='lat' dir='ltr'><em>in</em></span> <span class='ocrx_word' id='word_1_46' title='bbox 377 1792 444 1856; x_wconf 76' lang='lat' dir='ltr'><em>iltis</em></span> <span class='ocrx_word' id='word_1_47' title='bbox 461 1789 646 1867; x_wconf 83' lang='lat' dir='ltr'><em>beneficiis,</em></span> <span class='ocrx_word' id='word_1_48' title='bbox 669 1808 751 1873; x_wconf 81' lang='lat' dir='ltr'><em>quae</em></span> <span class='ocrx_word' id='word_1_49' title='bbox 768 1788 970 1869; x_wconf 74' lang='lat' dir='ltr'><em>tefidentiaru</em></span> <span class='ocrx_word' id='word_1_50' title='bbox 994 1793 1166 1880; x_wconf 80' lang='lat' dir='ltr'><em>postulant,</em></span> 
     </span>
     <span class='ocr_line' id='line_1_10' title="bbox 251 1874 1163 1961; baseline 0 -18"><span class='ocrx_word' id='word_1_51' title='bbox 251 1881 336 1943; x_wconf 85' lang='lat' dir='ltr'><em>etin</em></span> <span class='ocrx_word' id='word_1_52' title='bbox 354 1875 487 1943; x_wconf 72' lang='lat' dir='ltr'><em>ecclesia</em></span> <span class='ocrx_word' id='word_1_53' title='bbox 500 1874 677 1945; x_wconf 79' lang='lat' dir='ltr'><strong>cathedrali</strong></span> <span class='ocrx_word' id='word_1_54' title='bbox 695 1920 710 1950; x_wconf 90' lang='lat'><em>,</em></span> <span class='ocrx_word' id='word_1_55' title='bbox 737 1877 795 1939; x_wconf 86' lang='lat' dir='ltr'><em>vcl</em></span> <span class='ocrx_word' id='word_1_56' title='bbox 814 1875 986 1961; x_wconf 71' lang='lat' dir='ltr'>collegiata</span> <span class='ocrx_word' id='word_1_57' title='bbox 1005 1876 1163 1949; x_wconf 83' lang='lat' dir='ltr'><em>existunt,</em></span> 
     </span>
     <span class='ocr_line' id='line_1_11' title="bbox 252 1959 1168 2045; baseline 0 -20"><span class='ocrx_word' id='word_1_58' title='bbox 252 1963 315 2026; x_wconf 86' lang='lat' dir='ltr'><em>vel</em></span> <span class='ocrx_word' id='word_1_59' title='bbox 337 1961 405 2025; x_wconf 82' lang='lat' dir='ltr'><em>eius</em></span> <span class='ocrx_word' id='word_1_60' title='bbox 430 1959 621 2045; x_wconf 74' lang='lat' dir='ltr'><em>praebendis</em></span> <span class='ocrx_word' id='word_1_61' title='bbox 646 1976 810 2045; x_wconf 84' lang='lat' dir='ltr'><em>perpetuo</em></span> <span class='ocrx_word' id='word_1_62' title='bbox 827 1962 898 2026; x_wconf 83' lang='lat' dir='ltr'><em>sunt</em></span> <span class='ocrx_word' id='word_1_63' title='bbox 918 1964 1020 2030; x_wconf 64' lang='lat' dir='ltr'><em>trita.</em></span> <span class='ocrx_word' id='word_1_64' title='bbox 1065 1962 1168 2027; x_wconf 69' lang='lat' dir='ltr'><em>Gna·</em></span> 
     </span>
     <span class='ocr_line' id='line_1_12' title="bbox 253 2042 856 2136; baseline -0.007 -26"><span class='ocrx_word' id='word_1_65' title='bbox 253 2064 333 2112; x_wconf 79' lang='lat' dir='ltr'><em>cns</em></span> <span class='ocrx_word' id='word_1_66' title='bbox 348 2044 382 2108; x_wconf 83' lang='lat' dir='ltr'><em>de</em></span> <span class='ocrx_word' id='word_1_67' title='bbox 397 2042 488 2129; x_wconf 77' lang='lat' dir='ltr'><em>lenes.</em></span> <span class='ocrx_word' id='word_1_68' title='bbox 503 2045 544 2110; x_wconf 86' lang='lat' dir='ltr'><em>L.</em></span> <span class='ocrx_word' id='word_1_69' title='bbox 567 2064 597 2123; x_wconf 81' lang='lat'><em>3.</em></span> <span class='ocrx_word' id='word_1_70' title='bbox 612 2067 637 2106; x_wconf 83' lang='lat' dir='ltr'><em>c.</em></span> <span class='ocrx_word' id='word_1_71' title='bbox 655 2063 682 2136; x_wconf 73' lang='lat'><em>²:</em></span> <span class='ocrx_word' id='word_1_72' title='bbox 703 2065 774 2107; x_wconf 77' lang='lat' dir='ltr'><em>rrum.</em></span> <span class='ocrx_word' id='word_1_73' title='bbox 784 2062 856 2128; x_wconf 78' lang='lat'><em>473.</em></span> 
     </span>
    </p>
   </div>
   <div class='ocr_carea' id='block_1_4' title="bbox 503 2296 840 2400">
    <p class='ocr_par' dir='ltr' id='par_1_8' title="bbox 503 2296 840 2400">
     <span class='ocr_line' id='line_1_13' title="bbox 503 2296 840 2400; baseline 0 -27"><span class='ocrx_word' id='word_1_74' title='bbox 503 2296 540 2400; x_wconf 76' lang='grc' dir='ltr'><em>ς.</em></span> <span class='ocrx_word' id='word_1_75' title='bbox 591 2297 840 2375; x_wconf 77' lang='lat' dir='ltr'><em>Lxxxrnr.</em></span> 
     </span>
    </p>
   </div>
   <div class='ocr_carea' id='block_1_5' title="bbox 163 2496 1162 2816">
    <p class='ocr_par' dir='ltr' id='par_1_9' title="bbox 163 2496 1162 2816">
     <span class='ocr_line' id='line_1_14' title="bbox 163 2496 1162 2605; baseline -0.002 -24"><span class='ocrx_word' id='word_1_76' title='bbox 163 2499 230 2581; x_wconf 87' lang='lat' dir='ltr'><em>Et</em></span> <span class='ocrx_word' id='word_1_77' title='bbox 246 2518 288 2576; x_wconf 88' lang='lat' dir='ltr'><em>vt</em></span> <span class='ocrx_word' id='word_1_78' title='bbox 302 2498 475 2580; x_wconf 85' lang='lat' dir='ltr'><em>canonici</em></span> <span class='ocrx_word' id='word_1_79' title='bbox 479 2503 680 2604; x_wconf 71' lang='lat' dir='ltr'><em>sennenn</em></span> <span class='ocrx_word' id='word_1_80' title='bbox 697 2497 950 2605; x_wconf 75' lang='lat' dir='ltr'><em>personaliter</em></span> <span class='ocrx_word' id='word_1_81' title='bbox 965 2496 1162 2602; x_wconf 72' lang='lat' dir='ltr'><em>implentes</em></span> 
     </span>
     <span class='ocr_line' id='line_1_15' title="bbox 228 2600 1104 2711; baseline 0 -32"><span class='ocrx_word' id='word_1_82' title='bbox 228 2630 295 2680; x_wconf 82' lang='lat' dir='ltr'><em>eac</em></span> <span class='ocrx_word' id='word_1_83' title='bbox 310 2623 458 2680; x_wconf 87' lang='lat' dir='ltr'><em>tantum</em></span> <span class='ocrx_word' id='word_1_84' title='bbox 468 2608 689 2711; x_wconf 77' lang='lat' dir='ltr'><em>percipiant</em></span> <span class='ocrx_word' id='word_1_85' title='bbox 707 2604 853 2684; x_wconf 83' lang='lat' dir='ltr'><em>additis</em></span> <span class='ocrx_word' id='word_1_86' title='bbox 878 2600 1104 2708; x_wconf 78' lang='lat' dir='ltr'><em>quibusdam</em></span> 
     </span>
     <span class='ocr_line' id='line_1_16' title="bbox 528 2706 825 2816; baseline -0.01 -29"><span class='ocrx_word' id='word_1_87' title='bbox 528 2706 825 2816; x_wconf 79' lang='lat' dir='ltr'><em>exceptianibus.</em></span> 
     </span>
    </p>
   </div>
   <div class='ocr_carea' id='block_1_6' title="bbox 156 2876 1294 4624">
    <p class='ocr_par' dir='ltr' id='par_1_10' title="bbox 166 2876 1173 3191">
     <span class='ocr_line' id='line_1_17' title="bbox 222 2876 1173 2984; baseline 0.006 -31"><span class='ocrx_word' id='word_1_88' title='bbox 222 2904 227 2913; x_wconf 93' lang='lat'>·</span> <span class='ocrx_word' id='word_1_89' title='bbox 257 2882 313 2959; x_wconf 88' lang='lat' dir='ltr'><em>Vt</em></span> <span class='ocrx_word' id='word_1_90' title='bbox 333 2876 420 2961; x_wconf 87' lang='lat' dir='ltr'><em>finis</em></span> <span class='ocrx_word' id='word_1_91' title='bbox 440 2881 747 2961; x_wconf 85' lang='lat' dir='ltr'><em>distributionum</em></span> <span class='ocrx_word' id='word_1_92' title='bbox 774 2878 1087 2984; x_wconf 81' lang='lat' dir='ltr'><em>quotidianarum</em></span> <span class='ocrx_word' id='word_1_93' title='bbox 1116 2880 1173 2959; x_wconf 80' lang='lat' dir='ltr'><em>ab·</em></span> 
     </span>
     <span class='ocr_line' id='line_1_18' title="bbox 166 2981 1166 3077; baseline 0.001 -15"><span class='ocrx_word' id='word_1_94' title='bbox 166 2981 330 3068; x_wconf 78' lang='lat' dir='ltr'><em>ecclelia</em></span> <span class='ocrx_word' id='word_1_95' title='bbox 365 2984 622 3065; x_wconf 87' lang='lat' dir='ltr'><em>institutarum</em></span> <span class='ocrx_word' id='word_1_96' title='bbox 657 3008 706 3062; x_wconf 86' lang='lat' dir='ltr'><em>eo</em></span> <span class='ocrx_word' id='word_1_97' title='bbox 741 2982 885 3065; x_wconf 80' lang='lat' dir='ltr'><em>certius</em></span> <span class='ocrx_word' id='word_1_98' title='bbox 916 2985 1166 3077; x_wconf 83' lang='lat' dir='ltr'><em>obtineatur,</em></span> 
     </span>
     <span class='ocr_line' id='line_1_19' title="bbox 169 3082 1173 3191; baseline -0.003 -26"><span class='ocrx_word' id='word_1_99' title='bbox 169 3083 300 3167; x_wconf 78' lang='lat' dir='ltr'><em>sanxit</em></span> <span class='ocrx_word' id='word_1_100' title='bbox 316 3108 517 3191; x_wconf 82' lang='lat' dir='ltr'><em>praeterea</em></span> <span class='ocrx_word' id='word_1_101' title='bbox 533 3093 660 3168; x_wconf 75' lang='lat' dir='ltr'><em>Cone.</em></span> <span class='ocrx_word' id='word_1_102' title='bbox 677 3091 796 3165; x_wconf 79' lang='lat' dir='ltr'><em>Tum</em></span> <span class='ocrx_word' id='word_1_103' title='bbox 820 3082 910 3190; x_wconf 75' lang='lat' dir='ltr'><em>seff.</em></span> <span class='ocrx_word' id='word_1_104' title='bbox 927 3082 1070 3165; x_wconf 84' lang='lat' dir='ltr'><strong><em>XXII.</em></strong></span> <span class='ocrx_word' id='word_1_105' title='bbox 1079 3112 1173 3189; x_wconf 86' lang='lat' dir='ltr'><em>cap.-</em></span> 
     </span>
    </p>

    <p class='ocr_par' dir='ltr' id='par_1_11' title="bbox 156 3187 1252 4018">
     <span class='ocr_line' id='line_1_20' title="bbox 172 3187 1168 3291; baseline 0.004 -28"><span class='ocrx_word' id='word_1_106' title='bbox 172 3214 202 3277; x_wconf 79' lang='lat'><em>3.</em></span> <span class='ocrx_word' id='word_1_107' title='bbox 228 3208 271 3264; x_wconf 85' lang='lat' dir='ltr'><em>ut</em></span> <span class='ocrx_word' id='word_1_108' title='bbox 306 3191 480 3269; x_wconf 87' lang='lat' dir='ltr'><em>canonici</em></span> <span class='ocrx_word' id='word_1_109' title='bbox 509 3190 737 3291; x_wconf 81' lang='lat' dir='ltr'><em>ecclestarum</em></span> <span class='ocrx_word' id='word_1_110' title='bbox 774 3187 1070 3279; x_wconf 75' lang='lat' dir='ltr'><em>cathedralium,</em></span> <span class='ocrx_word' id='word_1_111' title='bbox 1106 3188 1168 3267; x_wconf 86' lang='lat' dir='ltr'><em>vel</em></span> 
     </span>
     <span class='ocr_line' id='line_1_21' title="bbox 168 3287 1167 3400; baseline 0.001 -33"><span class='ocrx_word' id='word_1_112' title='bbox 168 3287 484 3394; x_wconf 81' lang='lat' dir='ltr'><em>collegiatarum,</em></span> <span class='ocrx_word' id='word_1_113' title='bbox 518 3295 558 3395; x_wconf 85' lang='lat' dir='ltr'><strong><em>fi</em></strong></span> <span class='ocrx_word' id='word_1_114' title='bbox 585 3290 840 3400; x_wconf 77' lang='lat' dir='ltr'><em>personaliter</em></span> <span class='ocrx_word' id='word_1_115' title='bbox 864 3310 1078 3396; x_wconf 80' lang='lat' dir='ltr'><em>competens</em></span> <span class='ocrx_word' id='word_1_116' title='bbox 1087 3288 1167 3391; x_wconf 84' lang='lat' dir='ltr'><em>fibi</em></span> 
     </span>
     <span class='ocr_line' id='line_1_22' title="bbox 156 3392 1245 3516; baseline 0.002 -48"><span class='ocrx_word' id='word_1_117' title='bbox 156 3394 361 3495; x_wconf 78' lang='lat' dir='ltr'><em>seruitium</em></span> <span class='ocrx_word' id='word_1_118' title='bbox 382 3395 496 3473; x_wconf 83' lang='lat' dir='ltr'><em>iuxta</em></span> <span class='ocrx_word' id='word_1_119' title='bbox 506 3399 683 3500; x_wconf 84' lang='lat' dir='ltr'><em>formam</em></span> <span class='ocrx_word' id='word_1_120' title='bbox 709 3394 759 3476; x_wconf 85' lang='lat' dir='ltr'><em>ab</em></span> <span class='ocrx_word' id='word_1_121' title='bbox 782 3392 968 3516; x_wconf 79' lang='lat' dir='ltr'><em>episcopis</em></span> <span class='ocrx_word' id='word_1_122' title='bbox 978 3393 1170 3499; x_wconf 88' lang='lat' dir='ltr'><em>praescri-</em></span> <span class='ocrx_word' id='word_1_123' title='bbox 1242 3486 1245 3493; x_wconf 26' lang='grc' dir='ltr'>Ι</span> 
     </span>
     <span class='ocr_line' id='line_1_23' title="bbox 168 3492 1165 3602; baseline 0.003 -30"><span class='ocrx_word' id='word_1_124' title='bbox 168 3492 329 3574; x_wconf 79' lang='lat' dir='ltr'><em>bendum</em></span> <span class='ocrx_word' id='word_1_125' title='bbox 355 3497 521 3601; x_wconf 84' lang='lat' dir='ltr'><em>quolibet</em></span> <span class='ocrx_word' id='word_1_126' title='bbox 546 3501 606 3578; x_wconf 83' lang='lat' dir='ltr'><em>die</em></span> <span class='ocrx_word' id='word_1_127' title='bbox 620 3502 774 3599; x_wconf 90' lang='lat' dir='ltr'><em>statuto</em></span> <span class='ocrx_word' id='word_1_128' title='bbox 797 3524 874 3576; x_wconf 92' lang='lat' dir='ltr'><em>non</em></span> <span class='ocrx_word' id='word_1_129' title='bbox 902 3496 1165 3602; x_wconf 72' lang='lat' dir='ltr'><em>implaterint,</em></span> 
     </span>
     <span class='ocr_line' id='line_1_24' title="bbox 165 3594 1252 3703; baseline 0.006 -27"><span class='ocrx_word' id='word_1_130' title='bbox 165 3594 287 3677; x_wconf 69' lang='lat' dir='ltr'><em>iffiut·</em></span> <span class='ocrx_word' id='word_1_131' title='bbox 314 3597 388 3679; x_wconf 82' lang='lat' dir='ltr'><em>diei</em></span> <span class='ocrx_word' id='word_1_132' title='bbox 421 3603 717 3703; x_wconf 86' lang='lat' dir='ltr'><em>distributionem</em></span> <span class='ocrx_word' id='word_1_133' title='bbox 751 3601 961 3692; x_wconf 87' lang='lat' dir='ltr'><em>amittant,</em></span> <span class='ocrx_word' id='word_1_134' title='bbox 994 3630 1061 3683; x_wconf 85' lang='lat' dir='ltr'><em>nec</em></span> <span class='ocrx_word' id='word_1_135' title='bbox 1089 3600 1172 3681; x_wconf 73' lang='lat' dir='ltr'><em>eius</em></span> <span class='ocrx_word' id='word_1_136' title='bbox 1245 3663 1252 3683; x_wconf 80' lang='grc'><em>,</em></span> 
     </span>
     <span class='ocr_line' id='line_1_25' title="bbox 167 3702 1169 3809; baseline 0.004 -30"><span class='ocrx_word' id='word_1_137' title='bbox 167 3728 321 3809; x_wconf 78' lang='lat' dir='ltr'><em>quoquo</em></span> <span class='ocrx_word' id='word_1_138' title='bbox 337 3703 448 3783; x_wconf 80' lang='lat' dir='ltr'><em>mado</em></span> <span class='ocrx_word' id='word_1_139' title='bbox 456 3705 658 3785; x_wconf 85' lang='lat' dir='ltr'><em>dominium</em></span> <span class='ocrx_word' id='word_1_140' title='bbox 673 3702 984 3809; x_wconf 72' lang='lat' dir='ltr'><em>adquiraut4sed</em></span> <span class='ocrx_word' id='word_1_141' title='bbox 986 3703 1169 3808; x_wconf 80' lang='lat' dir='ltr'><em>fabricae</em></span> 
     </span>
     <span class='ocr_line' id='line_1_26' title="bbox 168 3803 1168 3913; baseline 0 -28"><span class='ocrx_word' id='word_1_142' title='bbox 168 3804 358 3904; x_wconf 78' lang='lat' dir='ltr'><em>ecclcsiae,</em></span> <span class='ocrx_word' id='word_1_143' title='bbox 384 3828 570 3913; x_wconf 81' lang='lat' dir='ltr'><em>quatenus</em></span> <span class='ocrx_word' id='word_1_144' title='bbox 591 3806 755 3912; x_wconf 81' lang='lat' dir='ltr'><em>indiget,</em></span> <span class='ocrx_word' id='word_1_145' title='bbox 782 3827 852 3887; x_wconf 91' lang='lat' dir='ltr'><em>aut</em></span> <span class='ocrx_word' id='word_1_146' title='bbox 871 3808 983 3889; x_wconf 82' lang='lat' dir='ltr'><em>alteri</em></span> <span class='ocrx_word' id='word_1_147' title='bbox 998 3806 1067 3913; x_wconf 87' lang='lat' dir='ltr'><em>pia</em></span> <span class='ocrx_word' id='word_1_148' title='bbox 1084 3803 1168 3908; x_wconf 81' lang='lat' dir='ltr'><em>loco</em></span> 
     </span>
     <span class='ocr_line' id='line_1_27' title="bbox 167 3907 1172 4018; baseline 0.004 -33"><span class='ocrx_word' id='word_1_149' title='bbox 167 3907 334 3987; x_wconf 83' lang='lat' dir='ltr'><em>arbitrio</em></span> <span class='ocrx_word' id='word_1_150' title='bbox 358 3910 545 3991; x_wconf 87' lang='lat' dir='ltr'><em>ordinarii</em></span> <span class='ocrx_word' id='word_1_151' title='bbox 558 3911 780 4016; x_wconf 76' lang='lat' dir='ltr'><em>adplicetur.</em></span> <span class='ocrx_word' id='word_1_152' title='bbox 845 3915 958 4018; x_wconf 85' lang='lat' dir='ltr'><em>Quod</em></span> <span class='ocrx_word' id='word_1_153' title='bbox 977 3909 1101 4013; x_wconf 86' lang='lat' dir='ltr'><em>ipsum</em></span> <span class='ocrx_word' id='word_1_154' title='bbox 1125 3909 1172 3989; x_wconf 77' lang='lat' dir='ltr'><em>itt</em></span> 
     </span>
    </p>

    <p class='ocr_par' dir='ltr' id='par_1_12' title="bbox 162 4010 1294 4536">
     <span class='ocr_line' id='line_1_28' title="bbox 162 4010 1172 4120; baseline 0.004 -31"><span class='ocrx_word' id='word_1_155' title='bbox 162 4010 248 4115; x_wconf 74' lang='lat' dir='ltr'><em>siff</em></span> <span class='ocrx_word' id='word_1_156' title='bbox 259 4010 417 4094; x_wconf 89' lang='lat' dir='ltr'><em>XXIV.</em></span> <span class='ocrx_word' id='word_1_157' title='bbox 431 4042 513 4120; x_wconf 89' lang='lat' dir='ltr'><em>cap.</em></span> <span class='ocrx_word' id='word_1_158' title='bbox 535 4045 593 4097; x_wconf 78' lang='lat'><em>12.</em></span> <span class='ocrx_word' id='word_1_159' title='bbox 615 4017 829 4115; x_wconf 85' lang='lat' dir='ltr'><em>repetitur,</em></span> <span class='ocrx_word' id='word_1_160' title='bbox 866 4036 906 4096; x_wconf 88' lang='lat' dir='ltr'><em>et</em></span> <span class='ocrx_word' id='word_1_161' title='bbox 922 4013 1025 4095; x_wconf 87' lang='lat' dir='ltr'><em>hisce</em></span> <span class='ocrx_word' id='word_1_162' title='bbox 1042 4011 1172 4093; x_wconf 81' lang='lat' dir='ltr'><em>verbis</em></span> 
     </span>
     <span class='ocr_line' id='line_1_29' title="bbox 165 4112 1284 4222; baseline -0.002 -25"><span class='ocrx_word' id='word_1_163' title='bbox 165 4112 450 4205; x_wconf 63' lang='lat' dir='ltr'><em>confirmatur:</em></span> <span class='ocrx_word' id='word_1_164' title='bbox 472 4139 513 4198; x_wconf 89' lang='lat' dir='ltr'><em>vt</em></span> <span class='ocrx_word' id='word_1_165' title='bbox 529 4120 558 4197; x_wconf 89' lang='lat' dir='ltr'><em>ii</em></span> <span class='ocrx_word' id='word_1_166' title='bbox 558 4116 638 4222; x_wconf 79' lang='lat' dir='ltr'><em>firli</em></span> <span class='ocrx_word' id='word_1_167' title='bbox 654 4114 955 4212; x_wconf 73' lang='lat' dir='ltr'><em>distributiones,</em></span> <span class='ocrx_word' id='word_1_168' title='bbox 983 4113 1049 4220; x_wconf 90' lang='lat' dir='ltr'><em>qui</em></span> <span class='ocrx_word' id='word_1_169' title='bbox 1049 4114 1172 4215; x_wconf 70' lang='lat' dir='ltr'><em>statie</em></span> <span class='ocrx_word' id='word_1_170' title='bbox 1248 4152 1256 4181; x_wconf 87' lang='grc'><em>-·</em></span> <span class='ocrx_word' id='word_1_171' title='bbox 1282 4136 1284 4141; x_wconf 85' lang='grc'><strong>“</strong></span> 
     </span>
     <span class='ocr_line' id='line_1_30' title="bbox 164 4216 1169 4325; baseline 0.005 -28"><span class='ocrx_word' id='word_1_172' title='bbox 164 4216 278 4297; x_wconf 80' lang='lat' dir='ltr'><em>lteris</em></span> <span class='ocrx_word' id='word_1_173' title='bbox 301 4218 573 4324; x_wconf 78' lang='lat' dir='ltr'><em>interfuerint,</em></span> <span class='ocrx_word' id='word_1_174' title='bbox 613 4220 830 4324; x_wconf 83' lang='lat' dir='ltr'><em>recipiant,</em></span> <span class='ocrx_word' id='word_1_175' title='bbox 876 4218 1009 4323; x_wconf 82' lang='lat' dir='ltr'><em>reliqui</em></span> <span class='ocrx_word' id='word_1_176' title='bbox 1034 4217 1169 4325; x_wconf 75' lang='lat' dir='ltr'><em>quauie</em></span> 
     </span>
     <span class='ocr_line' id='line_1_31' title="bbox 167 4318 1278 4425; baseline 0.004 -25"><span class='ocrx_word' id='word_1_177' title='bbox 167 4318 396 4420; x_wconf 85' lang='lat' dir='ltr'><em>callustone,</em></span> <span class='ocrx_word' id='word_1_178' title='bbox 431 4347 501 4402; x_wconf 90' lang='lat' dir='ltr'><em>aut</em></span> <span class='ocrx_word' id='word_1_179' title='bbox 527 4325 729 4419; x_wconf 81' lang='lat' dir='ltr'><em>remiffione</em></span> <span class='ocrx_word' id='word_1_180' title='bbox 754 4323 904 4425; x_wconf 77' lang='lat' dir='ltr'><em>exclusti</em></span> <span class='ocrx_word' id='word_1_181' title='bbox 926 4322 985 4402; x_wconf 79' lang='lat' dir='ltr'><em>tis</em></span> <span class='ocrx_word' id='word_1_182' title='bbox 1010 4342 1170 4403; x_wconf 85' lang='lat' dir='ltr'><em>careant</em></span> <span class='ocrx_word' id='word_1_183' title='bbox 1209 4372 1211 4376; x_wconf 94' lang='lat'>·</span> <span class='ocrx_word' id='word_1_184' title='bbox 1254 4340 1278 4388; x_wconf 85' lang='lat'><em>-&#39;</em></span> 
     </span>
     <span class='ocr_line' id='line_1_32' title="bbox 168 4422 1294 4536; baseline -0.002 -32"><span class='ocrx_word' id='word_1_185' title='bbox 168 4422 287 4504; x_wconf 75' lang='lat' dir='ltr'><em>iuxta</em></span> <span class='ocrx_word' id='word_1_186' title='bbox 297 4433 532 4509; x_wconf 72' lang='lat' dir='ltr'><em>Boalracu</em></span> <span class='ocrx_word' id='word_1_187' title='bbox 556 4424 664 4512; x_wconf 70' lang='lat' dir='ltr'><strong><em>VIII.</em></strong></span> <span class='ocrx_word' id='word_1_188' title='bbox 674 4424 882 4529; x_wconf 81' lang='lat' dir='ltr'><em>decretum,</em></span> <span class='ocrx_word' id='word_1_189' title='bbox 911 4428 1014 4536; x_wconf 85' lang='lat' dir='ltr'><em>quod</em></span> <span class='ocrx_word' id='word_1_190' title='bbox 1033 4426 1171 4533; x_wconf 87' lang='lat' dir='ltr'><em>incipit</em></span> <span class='ocrx_word' id='word_1_191' title='bbox 1276 4438 1294 4461; x_wconf 86' lang='lat'><em>·&#39;</em></span> 
     </span>
    </p>

    <p class='ocr_par' dir='ltr' id='par_1_13' title="bbox 647 4535 1119 4624">
     <span class='ocr_line' id='line_1_33' title="bbox 647 4535 1119 4624; baseline -0.004 -15"><span class='ocrx_word' id='word_1_192' title='bbox 647 4535 683 4609; x_wconf 89' lang='lat' dir='ltr'>D</span> <span class='ocrx_word' id='word_1_193' title='bbox 711 4555 739 4624; x_wconf 72' lang='grc'><strong>4</strong></span> <span class='ocrx_word' id='word_1_194' title='bbox 1036 4558 1119 4609; x_wconf 84' lang='lat' dir='ltr'><em>con·</em></span> 
     </span>
    </p>
   </div>
   <div class='ocr_carea' id='block_1_7' title="bbox 0 0 1407 5167">
    <p class='ocr_par' dir='ltr' id='par_1_14' title="bbox 0 0 1407 5167">
     <span class='ocr_line' id='line_1_34' title="bbox 0 0 1407 5167; baseline 0 0"><span class='ocrx_word' id='word_1_195' title='bbox 0 0 1407 5167; x_wconf 95' lang='lat' dir='ltr'><em> </em></span> 
     </span>
    </p>
   </div>
  </div>
 </body>
</html>
