2784 5167
348 912 351 917 ’
473 900 856 987 'Pellem'
1037 884 1160 1011 ¹'3‘89

542 1102 786 1209 §.nmo

179 1296 468 1423 Persieutionet
485 1312 682 1413 asceticam
700 1311 848 1398 viuendi
864 1294 1049 1394 rationem
1070 1300 1162 1429 pro}

561 1437 771 1520 pagorum.

268 1598 425 1687 Summa
445 1602 599 1708 quiden
635 1603 879 1703 abstinentia,
913 1610 1060 1710 austera
1081 1600 1164 1687 ieiu-

176 1705 268 1797 nia,
294 1728 331 1786 et
350 1709 383 1801 f
424 1734 449 1783 a
468 1707 684 1809 nuptiarum
705 1711 827 1789 vitam
846 1711 944 1790 hanc
963 1713 1164 1803 asceticam

176 1812 404 1890 commenda
427 1827 513 1904 ant,
542 1835 564 1885 a
594 1808 784 1890 consortio
814 1833 940 1892 tamen
968 1808 1166 1894 hominnni

176 1912 285 2007 haud
308 1913 483 1991 alienam·
536 1914 619 1989 Nec
640 1912 742 1991 enim
758 1910 924 1993 solitudo
946 1921 992 1995 de
1011 1916 1166 1995 essentia
1197 1927 1200 1933 ’

178 2013 296 2093 vitae
328 2013 640 2118 philosophicae,
680 2034 721 2094 et
754 2015 940 2097 asceticae
974 2021 1021 2097 ab
1054 2019 1168 2098 initio

182 2115 285 2203 fuitc
309 2113 371 2195 sed
386 2115 617 2220 postmodum
634 2116 671 2193 ei
689 2117 849 2197 acceffit·
903 2123 955 2201 Vt
971 2120 1073 2200 enim
1088 2122 1167 2200 alia

180 2213 334 2298 filentio
351 2241 603 2323 praeteream,
614 2219 865 2300 vehementer
879 2220 1023 2302 isthanc
1036 2223 1168 2300 viuen·

177 2319 427 2415 ditationem
454 2320 726 2422 promouebant
749 2324 1023 2424 persecutiones
1051 2327 1091 2401 in
1112 2347 1171 2400 re·

180 2412 372 2529 ligionem
396 2420 636 2502 christianam
667 2445 838 2503 exortae.
891 2426 966 2502 Sub
999 2425 1169 2532 persecu·

180 2524 291 2607 tione
309 2528 533 2621 Ducunt,
560 2551 657 2630 quae
676 2526 908 2627 circaseculi
919 2524 993 2607 ΙΙΙ.
1011 2522 1168 2605 medium

180 2626 388 2727 semebai,
413 2630 528 2706 multi
557 2628 730 2705 homines
761 2628 801 2705 in
827 2640 1062 2725 Anotera,
1097 2626 1169 2706 hu:

181 2730 247 2825 ins
267 2722 501 2831 'tempestatis
525 2730 665 2808 aestum
694 2733 926 2826 deuitaturi,
951 2734 998 2811 ad
1018 2730 1169 2817 vicinae

179 2830 405 2925 solitudines
422 2855 467 2909 ac
489 2850 638 2910 montes
655 2831 694 2911 se
715 2832 969 2935 recipiebant,
995 2832 1062 2912 vbi
1088 2856 1167 2911 non

183 2930 308 3021 folum
331 2953 458 3011 tutum
483 2960 507 3011 a
536 2933 805 3013 vexationibus
831 2936 939 3041 persu
969 2936 1067 3029 ium,
1103 2930 1167 3013 sed

177 3036 270 3151 ,plna
290 3036 406 3115 etiam
425 3036 607 3139 temporis
625 3060 670 3113 ac
687 3035 874 3118 libertatis
890 2964 968 3119 sese
988 3040 1029 3117 in
1048 3036 1166 3141 piet&

181 3156 318 3321 ιεέδιιο
333 3136 463 3217 diuina
491 3137 1040 3245 contemplationeexercendi
1063 3140 1168 3221 inue-

183 3264 226 3321 ιιι
271 3264 352 3325 ant.

565 3483 604 3590 5.
629 3485 792 3566 DXXV.
894 3558 896 3563 .

234 3636 382 3765 Artior
403 3683 504 3764 vitae
513 3684 714 3789 solitariae
735 3684 884 3765 Pactius
908 3640 1129 3765 Thebaeus(
1155 3630 1164 3659 θ

271 3860 381 3957 Quae
406 3859 516 3936 vitae
539 3856 666 3950 ratio,
692 3854 760 3935 etsi
784 3854 950 3960 primum
976 3852 1168 3933 n‘eceffita·

178 3974 220 4049 u
233 3978 398 4062 cingente
417 3961 531 4050 inita,
547 3986 621 4036 non
642 3957 759 4037 nullis
778 3982 908 4037 eorum
928 3961 1024 4035 adeo
1039 3956 1166 4053 iucung

180 4060 231 4139 de
257 4060 466 4152 euadebat,
491 4084 538 4139 vt
555 4085 643 4137 cum
667 4058 883 4164 persecutio
914 4055 1093 4140 desiisset.
1118 4054 1166 4133 ad

232 4158 341 4238 'stine
365 4161 430 4240 sua
458 4159 654 4239 domicilia
679 4160 826 4239 reuerti
850 4161 1016 4242 nollent.
1043 4156 1084 4233 in
1108 4180 1167 4236 ca·

200 4261 277 4351 olis
297 4261 377 4340 fiue
395 4261 534 4341 cellulis
540 4317 553 4358 ,
581 4283 672 4363 quas
690 4262 733 4339 in
756 4260 959 4341 solitudine
975 4258 1043 4346 fibi
1060 4282 1169 4363 para·

179 4385 343 4451 nerant,
384 4389 607 4548 permanere
639 4363 913 4465 discupientes..
969 4360 1091 4459 Primi
1126 4380 1166 4439 et

176 4464 361 4547 notiffimi

411 4495 518 4549 orum
543 4468 700 4649 snerpnp
717 4466 898 4581 ancvi
910 4468 1166 4557 Taileanos,

725 4590 746 4672 3
1077 4587 1122 4646 et·
