2784 5167
501 825 818 918 Paulis.
1090 872 1179 958 29·

569 1102 578 1119 .
605 1042 739 1120 ΧΙᾹΙ.Ι

238 1183 290 1272 In
311 1184 524 1270 Germania
537 1040 667 1264 setium
693 1184 835 1288 nmiffio
866 1185 1042 1292 beneficii.

205 1384 251 1458 ln
263 1373 477 1459 Germania
486 1393 687 1478 praeterea
698 1398 769 1478 per
777 1374 1044 1482 legesimperii
1055 1401 1142 1458 cau·

143 1504 234 1565 tum
256 1483 330 1576 est,
349 1501 396 1558 vt
411 1476 538 1582 siquis
554 1478 657 1557 sorte
686 1477 1016 1584 archiepiscopus,
1049 1481 1142 1585 epis·

142 1610 292 1692 copus,
321 1603 390 1664 aut
409 1581 486 1662 alia
516 1580 674 1685 persona
692 1578 942 1660 ecclesiastica
968 1585 1017 1660 ad
1031 1582 1141 1663 sacra

143 1702 197 1768 A.
217 1695 258 1767 C.
278 1683 455 1767 transiret
480 1684 619 1783 (cuius
642 1682 882 1785 praeludium
908 1685 1143 1765 matrimoni·

142 1816 209 1870 um
236 1791 283 1869 ab
300 1790 351 1868 iis
368 1786 507 1865 initum
525 1784 600 1864 esse
616 1783 899 1891 praesumitur)
920 1811 967 1866 eo
985 1788 1065 1887 ipso
1086 1783 1142 1864 di-

141 1893 299 1996 gnitate
323 1888 390 1968 sua
410 1889 631 1982 excideret,
656 1886 905 1991 beneficioque
920 1890 1142 1993 priuaretur

142 1999 298 2096 integra
316 2012 439 2069 tannen
456 1989 753 2092 existimatione,
774 2016 889 2095 quam
922 1993 1139 2072 cautionem

147 2119 451 2178 uusnnvauvrd
471 2117 855 2174 accursusncvm
875 2096 1077 2200 adpellant.

147 2287 282 2347 lusu.
303 2281 394 2346 Pac.
411 2282 621 2349 Osnuauvo·
639 2295 697 2344 arr.
707 2283 751 2344 V.
768 2283 797 2362 ς.
815 2294 864 2352 13.

147 2647 255 2753 III.)
283 2653 428 2754 Quoad
441 2519 853 2761 cleimffiovniigaeos
869 2652 1114 2738 ordinandos.

202 2875 204 2879 ’
230 2858 346 2941 Circa
366 2864 599 2945 eostandem
620 2865 703 2966 ΙΙΙ.)
729 2861 797 2969 qui
831 2860 1039 2967 coniugali¹
1053 2863 1143 2943 vin·
1251 2940 1253 2944 .

149 2961 241 3041 culo
263 2962 432 3044 adstricti
460 2970 509 3045 ad
526 2966 662 3045 statum
685 2967 903 3047 clericalem
932 2965 1143 3069 adspirant,

149 3062 229 3144 hoc
250 3067 325 3145 erit
352 3073 587 3163 tenendum,
609 3067 694 3148 fieri
714 3097 790 3147 non
807 3068 948 3174 potest,
971 3092 1018 3149 vt
1034 3071 1146 3150 mari·

152 3185 220 3245 tus
257 3194 532 3271 promoueatur
551 3174 599 3251 ad
628 3171 782 3252 ordines
810 3174 926 3253 etiam
954 3173 1144 3270 minores,

156 3270 228 3346 vel
256 3269 420 3374 primam
447 3272 749 3362 tonsuram3nis1
773 3275 853 3380 ipse
875 3274 983 3379 prius
1002 3276 1146 3356 castita·

150 3391 236 3450 tem
261 3395 432 3472 voueat,
455 3403 559 3458 vxor
591 3377 818 3470 consentiat,
848 3402 968 3481 eaque
991 3378 1145 3486 religio·

152 3496 246 3552 nem
273 3475 532 3584 ingrediatur,
565 3486 633 3560 vel
650 3482 805 3570 saltem,
829 3477 858 3561 fi
879 3507 951 3589 per
977 3505 1144 3565 aetatem

154 3575 500 3699 deincontineutia
519 3584 689 3691 suspeda
713 3611 791 3664 non
811 3585 872 3682 fit,
889 3606 1026 3668 votum
1042 3585 1146 3668 casii·

144 3698 241 3789 taos
257 3704 421 3764 emttac

154 3883 223 3952 van.
242 3894 276 3964 6,
295 3887 360 3973 111ss-
381 3890 486 3963 LXX
486 3891 564 3963 VII.
578 3912 642 3976 cap.
655 3893 709 3955 vlt.
727 3892 761 3958 de
775 3912 828 3961 ttrn
848 3945 856 3964 .
873 3892 977 3959 ordin
988 3903 1018 3961 ⁶.
1029 3895 1144 3958 Tm.

237 3975 330 4040 Sars.
347 3968 481 4044 XXIII.
507 3998 542 4041 ca
564 4026 573 4043 .
592 3996 624 4052 4,
641 3973 715 4058 dist.
738 3976 812 4044 XX
860 3974 889 4043 Ι.
908 4002 934 4039 c·
951 3994 982 4043 2.
1000 3975 1029 4046 h.
1045 3992 1097 4043 ae
1134 4016 1162 4053 .ι

234 4072 263 4134 5·
285 4077 312 4122 τί
331 4072 360 4129 d.
374 4061 408 4126 de
424 4070 549 4127 eonem.
567 4057 682 4146 coniug.
