<?xml version="1.0" encoding="UTF-8"?>
<!DOCTYPE html PUBLIC "-//W3C//DTD XHTML 1.0 Transitional//EN"
    "http://www.w3.org/TR/xhtml1/DTD/xhtml1-transitional.dtd">
<html xmlns="http://www.w3.org/1999/xhtml" xml:lang="en" lang="en">
 <head>
  <title>
</title>
<meta http-equiv="Content-Type" content="text/html;charset=utf-8" />
  <meta name='ocr-system' content='tesseract 3.04.00' />
  <meta name='ocr-capabilities' content='ocr_page ocr_carea ocr_par ocr_line ocrx_word'/>
</head>
<body>
  <div class='ocr_page' id='page_1' title='image "./institutionumiu02canogoog/institutionumiu02canogoog_0060.png"; bbox 0 0 2784 5167; ppageno 0'>
   <div class='ocr_carea' id='block_1_1' title="bbox 371 843 1148 1136">
    <p class='ocr_par' dir='ltr' id='par_1_1' title="bbox 371 843 1148 1136">
     <span class='ocr_line' id='line_1_1' title="bbox 494 843 1148 935; baseline 0.008 -14"><span class='ocrx_word' id='word_1_1' title='bbox 494 843 585 922; x_wconf 72' lang='grc' dir='ltr'><em>ΡΛ</em></span> <span class='ocrx_word' id='word_1_2' title='bbox 615 871 685 924; x_wconf 75' lang='lat' dir='ltr'><em>us</em></span> <span class='ocrx_word' id='word_1_3' title='bbox 737 850 800 923; x_wconf 88' lang='lat'><em>111.</em></span> <span class='ocrx_word' id='word_1_4' title='bbox 1105 874 1148 935; x_wconf 81' lang='grc' dir='ltr'><em>ιι</em></span> 
     </span>
     <span class='ocr_line' id='line_1_2' title="bbox 371 978 727 1136; baseline -0.003 -25"><span class='ocrx_word' id='word_1_5' title='bbox 371 978 375 985; x_wconf 52' lang='grc'><strong>’</strong></span> <span class='ocrx_word' id='word_1_6' title='bbox 554 1030 593 1136; x_wconf 74' lang='lat'><em>§-</em></span> <span class='ocrx_word' id='word_1_7' title='bbox 623 1034 727 1111; x_wconf 76' lang='lat' dir='ltr'><em>xvi.</em></span> 
     </span>
    </p>
   </div>
   <div class='ocr_carea' id='block_1_2' title="bbox 88 1174 1119 1385">
    <p class='ocr_par' dir='ltr' id='par_1_2' title="bbox 88 1174 1119 1385">
     <span class='ocr_line' id='line_1_3' title="bbox 182 1174 1119 1287; baseline 0.003 -25"><span class='ocrx_word' id='word_1_8' title='bbox 182 1179 223 1262; x_wconf 84' lang='lat' dir='ltr'><em>Ir</em></span> <span class='ocrx_word' id='word_1_9' title='bbox 239 1204 398 1287; x_wconf 80' lang='lat' dir='ltr'><em>quorum</em></span> <span class='ocrx_word' id='word_1_10' title='bbox 418 1174 625 1254; x_wconf 76' lang='lat' dir='ltr'><em>violatores</em></span> <span class='ocrx_word' id='word_1_11' title='bbox 649 1177 888 1260; x_wconf 85' lang='lat' dir='ltr'><em>conciliumtr</em></span> <span class='ocrx_word' id='word_1_12' title='bbox 908 1178 1119 1265; x_wconf 68' lang='lat' dir='ltr'><em>Merinum</em></span> 
     </span>
     <span class='ocr_line' id='line_1_4' title="bbox 88 1278 888 1385; baseline 0.004 -26"><span class='ocrx_word' id='word_1_13' title='bbox 88 1281 91 1291; x_wconf 84' lang='lat'>&#39;</span> <span class='ocrx_word' id='word_1_14' title='bbox 426 1278 559 1358; x_wconf 83' lang='lat' dir='ltr'><em>varias</em></span> <span class='ocrx_word' id='word_1_15' title='bbox 567 1306 720 1385; x_wconf 82' lang='lat' dir='ltr'><em>poenos</em></span> <span class='ocrx_word' id='word_1_16' title='bbox 732 1282 888 1382; x_wconf 84' lang='lat' dir='ltr'><em>statuit.</em></span> 
     </span>
    </p>
   </div>
   <div class='ocr_carea' id='block_1_3' title="bbox 121 1460 1187 2910">
    <p class='ocr_par' dir='ltr' id='par_1_3' title="bbox 146 1460 1141 2068">
     <span class='ocr_line' id='line_1_5' title="bbox 231 1460 1135 1575; baseline -0.001 -25"><span class='ocrx_word' id='word_1_17' title='bbox 231 1472 358 1550; x_wconf 87' lang='lat' dir='ltr'><em>Porro</em></span> <span class='ocrx_word' id='word_1_18' title='bbox 381 1460 456 1575; x_wconf 86' lang='lat' dir='ltr'><em>quo</em></span> <span class='ocrx_word' id='word_1_19' title='bbox 476 1466 637 1547; x_wconf 57' lang='lat' dir='ltr'><em>ranerius</em></span> <span class='ocrx_word' id='word_1_20' title='bbox 655 1470 752 1549; x_wconf 80' lang='lat' dir='ltr'><em>haec</em></span> <span class='ocrx_word' id='word_1_21' title='bbox 775 1470 1023 1552; x_wconf 82' lang='lat' dir='ltr'><em>obseruentur</em></span> <span class='ocrx_word' id='word_1_22' title='bbox 1039 1527 1050 1562; x_wconf 89' lang='lat'>‚</span> <span class='ocrx_word' id='word_1_23' title='bbox 1069 1497 1135 1549; x_wconf 85' lang='lat' dir='ltr'><em>va·</em></span> 
     </span>
     <span class='ocr_line' id='line_1_6' title="bbox 146 1572 1139 1676; baseline -0.005 -19"><span class='ocrx_word' id='word_1_24' title='bbox 146 1579 235 1657; x_wconf 84' lang='lat' dir='ltr'><em>riae</em></span> <span class='ocrx_word' id='word_1_25' title='bbox 250 1572 411 1654; x_wconf 80' lang='lat' dir='ltr'>statutae</span> <span class='ocrx_word' id='word_1_26' title='bbox 433 1572 521 1650; x_wconf 83' lang='lat' dir='ltr'><em>lunt</em></span> <span class='ocrx_word' id='word_1_27' title='bbox 538 1598 683 1676; x_wconf 82' lang='lat' dir='ltr'>poenae</span> <span class='ocrx_word' id='word_1_28' title='bbox 705 1576 746 1652; x_wconf 88' lang='lat' dir='ltr'><em>in</em></span> <span class='ocrx_word' id='word_1_29' title='bbox 770 1575 978 1652; x_wconf 82' lang='lat' dir='ltr'>violatores</span> <span class='ocrx_word' id='word_1_30' title='bbox 998 1575 1139 1666; x_wconf 78' lang='lat' dir='ltr'>horum</span> 
     </span>
     <span class='ocr_line' id='line_1_7' title="bbox 147 1674 1141 1780; baseline -0.004 -21"><span class='ocrx_word' id='word_1_31' title='bbox 147 1702 352 1759; x_wconf 79' lang='lat' dir='ltr'><em>canonum.</em></span> <span class='ocrx_word' id='word_1_32' title='bbox 396 1681 458 1754; x_wconf 88' lang='lat' dir='ltr'><em>De</em></span> <span class='ocrx_word' id='word_1_33' title='bbox 473 1674 521 1751; x_wconf 90' lang='lat' dir='ltr'><em>iis</em></span> <span class='ocrx_word' id='word_1_34' title='bbox 536 1675 659 1768; x_wconf 85' lang='lat' dir='ltr'><em>enim,</em></span> <span class='ocrx_word' id='word_1_35' title='bbox 679 1677 745 1780; x_wconf 91' lang='lat' dir='ltr'><em>qui</em></span> <span class='ocrx_word' id='word_1_36' title='bbox 762 1676 936 1754; x_wconf 83' lang='lat' dir='ltr'>habitum</span> <span class='ocrx_word' id='word_1_37' title='bbox 954 1693 995 1753; x_wconf 84' lang='lat' dir='ltr'><em>et</em></span> <span class='ocrx_word' id='word_1_38' title='bbox 1017 1677 1141 1755; x_wconf 84' lang='lat' dir='ltr'><strong>tonsu·</strong></span> 
     </span>
     <span class='ocr_line' id='line_1_8' title="bbox 147 1775 1136 1884; baseline -0.007 -23"><span class='ocrx_word' id='word_1_39' title='bbox 147 1808 239 1861; x_wconf 80' lang='lat' dir='ltr'><em>ram</em></span> <span class='ocrx_word' id='word_1_40' title='bbox 265 1781 307 1857; x_wconf 86' lang='lat' dir='ltr'><em>in</em></span> <span class='ocrx_word' id='word_1_41' title='bbox 337 1778 492 1884; x_wconf 86' lang='lat' dir='ltr'><em>publico</em></span> <span class='ocrx_word' id='word_1_42' title='bbox 527 1779 678 1857; x_wconf 85' lang='lat' dir='ltr'><em>deferre</em></span> <span class='ocrx_word' id='word_1_43' title='bbox 723 1779 946 1884; x_wconf 81' lang='lat' dir='ltr'><em>negligunt,</em></span> <span class='ocrx_word' id='word_1_44' title='bbox 979 1775 1136 1856; x_wconf 82' lang='lat' dir='ltr'><strong>SYNOD.</strong></span> 
     </span>
     <span class='ocr_line' id='line_1_9' title="bbox 148 1877 1131 1997; baseline -0.004 -36"><span class='ocrx_word' id='word_1_45' title='bbox 148 1877 502 1982; x_wconf 74' lang='lat' dir='ltr'><em>Ta1n.seffiXIV.</em></span> <span class='ocrx_word' id='word_1_46' title='bbox 521 1910 605 1984; x_wconf 82' lang='lat' dir='ltr'><em>cop.</em></span> <span class='ocrx_word' id='word_1_47' title='bbox 624 1883 661 1958; x_wconf 94' lang='lat'><em>6.</em></span> <span class='ocrx_word' id='word_1_48' title='bbox 677 1878 723 1957; x_wconf 81' lang='lat' dir='ltr'><em>de</em></span> <span class='ocrx_word' id='word_1_49' title='bbox 737 1882 895 1980; x_wconf 74' lang='lat' dir='ltr'><em>reforor.‘</em></span> <span class='ocrx_word' id='word_1_50' title='bbox 908 1882 1066 1997; x_wconf 83' lang='lat' dir='ltr'><em>loquens</em></span> <span class='ocrx_word' id='word_1_51' title='bbox 1084 1884 1131 1957; x_wconf 87' lang='lat' dir='ltr'><em>de</em></span> 
     </span>
     <span class='ocr_line' id='line_1_10' title="bbox 150 1982 1137 2068; baseline -0.005 0"><span class='ocrx_word' id='word_1_52' title='bbox 150 1983 311 2068; x_wconf 81' lang='lat' dir='ltr'>clericis</span> <span class='ocrx_word' id='word_1_53' title='bbox 328 1985 368 2060; x_wconf 90' lang='lat' dir='ltr'><em>in</em></span> <span class='ocrx_word' id='word_1_54' title='bbox 385 1982 591 2062; x_wconf 85' lang='lat' dir='ltr'><em>maioribus</em></span> <span class='ocrx_word' id='word_1_55' title='bbox 609 1982 819 2064; x_wconf 78' lang='lat' dir='ltr'><em>constitutis</em></span> <span class='ocrx_word' id='word_1_56' title='bbox 839 2003 906 2062; x_wconf 83' lang='lat' dir='ltr'><em>aut</em></span> <span class='ocrx_word' id='word_1_57' title='bbox 922 1984 1009 2062; x_wconf 87' lang='lat' dir='ltr'><em>ahis</em></span> <span class='ocrx_word' id='word_1_58' title='bbox 1025 1982 1137 2063; x_wconf 88' lang='lat' dir='ltr'><strong>bene·</strong></span> 
     </span>
    </p>

    <p class='ocr_par' dir='ltr' id='par_1_4' title="bbox 121 2083 1187 2910">
     <span class='ocr_line' id='line_1_11' title="bbox 121 2083 1187 2196; baseline -0.01 -26"><span class='ocrx_word' id='word_1_59' title='bbox 121 2088 122 2092; x_wconf 51' lang='lat'>‘</span> <span class='ocrx_word' id='word_1_60' title='bbox 149 2088 289 2170; x_wconf 84' lang='lat' dir='ltr'><em>ficium</em></span> <span class='ocrx_word' id='word_1_61' title='bbox 300 2086 523 2196; x_wconf 62' lang='lat' dir='ltr'><strong>habentibus</strong></span> <span class='ocrx_word' id='word_1_62' title='bbox 541 2089 732 2180; x_wconf 82' lang='lat' dir='ltr'>decernit,</span> <span class='ocrx_word' id='word_1_63' title='bbox 756 2083 917 2190; x_wconf 79' lang='lat' dir='ltr'><em>quodfi,</em></span> <span class='ocrx_word' id='word_1_64' title='bbox 940 2087 1025 2185; x_wconf 78' lang='lat' dir='ltr'><em>post</em></span> <span class='ocrx_word' id='word_1_65' title='bbox 1051 2112 1141 2163; x_wconf 85' lang='lat' dir='ltr'><em>uam</em></span> <span class='ocrx_word' id='word_1_66' title='bbox 1185 2151 1187 2159; x_wconf 91' lang='lat'><em>.</em></span> 
     </span>
     <span class='ocr_line' id='line_1_12' title="bbox 151 2110 1143 2291; baseline -0.005 -22"><span class='ocrx_word' id='word_1_67' title='bbox 151 2189 209 2269; x_wconf 86' lang='lat' dir='ltr'><em>ab</em></span> <span class='ocrx_word' id='word_1_68' title='bbox 226 2187 399 2291; x_wconf 78' lang='lat' dir='ltr'><em>episcopo</em></span> <span class='ocrx_word' id='word_1_69' title='bbox 414 2189 479 2279; x_wconf 68' lang='lat' dir='ltr'><em>suo</em></span> <span class='ocrx_word' id='word_1_70' title='bbox 495 2188 803 2285; x_wconf 80' lang='lat' dir='ltr'><em>monitifoerint,</em></span> <span class='ocrx_word' id='word_1_71' title='bbox 824 2184 1012 2286; x_wconf 75' lang='lat' dir='ltr'><em>honestior</em></span> <span class='ocrx_word' id='word_1_72' title='bbox 1026 2110 1143 2266; x_wconf 69' lang='lat' dir='ltr'><em>labi-</em></span> 
     </span>
     <span class='ocr_line' id='line_1_13' title="bbox 155 2285 1139 2395; baseline -0.005 -24"><span class='ocrx_word' id='word_1_73' title='bbox 155 2313 244 2371; x_wconf 75' lang='lat' dir='ltr'><em>tum</em></span> <span class='ocrx_word' id='word_1_74' title='bbox 264 2285 468 2364; x_wconf 81' lang='lat' dir='ltr'><em>clericalem</em></span> <span class='ocrx_word' id='word_1_75' title='bbox 483 2315 556 2369; x_wconf 79' lang='lat' dir='ltr'><em>non</em></span> <span class='ocrx_word' id='word_1_76' title='bbox 577 2288 778 2370; x_wconf 82' lang='lat' dir='ltr'><em>detulerint</em></span> <span class='ocrx_word' id='word_1_77' title='bbox 784 2317 858 2395; x_wconf 81' lang='lat' dir='ltr'><em>per</em></span> <span class='ocrx_word' id='word_1_78' title='bbox 870 2290 1139 2392; x_wconf 75' lang='lat' dir='ltr'><em>fiispenstonem</em></span> 
     </span>
     <span class='ocr_line' id='line_1_14' title="bbox 155 2384 1140 2498; baseline -0.006 -27"><span class='ocrx_word' id='word_1_79' title='bbox 155 2390 214 2471; x_wconf 83' lang='lat' dir='ltr'><em>ab</em></span> <span class='ocrx_word' id='word_1_80' title='bbox 231 2384 443 2480; x_wconf 80' lang='lat' dir='ltr'><em>ordinibus,</em></span> <span class='ocrx_word' id='word_1_81' title='bbox 467 2416 515 2466; x_wconf 87' lang='lat' dir='ltr'><em>oc</em></span> <span class='ocrx_word' id='word_1_82' title='bbox 528 2393 667 2498; x_wconf 83' lang='lat' dir='ltr'><em>officio,</em></span> <span class='ocrx_word' id='word_1_83' title='bbox 691 2413 730 2472; x_wconf 84' lang='lat' dir='ltr'><em>et</em></span> <span class='ocrx_word' id='word_1_84' title='bbox 747 2390 922 2482; x_wconf 78' lang='lat' dir='ltr'><em>beneficio</em></span> <span class='ocrx_word' id='word_1_85' title='bbox 940 2418 988 2467; x_wconf 88' lang='lat' dir='ltr'><em>oc</em></span> <span class='ocrx_word' id='word_1_86' title='bbox 1004 2390 1140 2488; x_wconf 62' lang='lat' dir='ltr'><em>sruiii·</em></span> 
     </span>
     <span class='ocr_line' id='line_1_15' title="bbox 150 2488 1142 2598; baseline -0.006 -24"><span class='ocrx_word' id='word_1_87' title='bbox 150 2493 248 2586; x_wconf 76' lang='lat' dir='ltr'><em>bur,</em></span> <span class='ocrx_word' id='word_1_88' title='bbox 266 2488 467 2587; x_wconf 79' lang='lat' dir='ltr'><em>reditibus,</em></span> <span class='ocrx_word' id='word_1_89' title='bbox 482 2513 520 2570; x_wconf 85' lang='lat' dir='ltr'><em>et</em></span> <span class='ocrx_word' id='word_1_90' title='bbox 574 2494 791 2574; x_wconf 80' lang='lat' dir='ltr'><em>rouentibus</em></span> <span class='ocrx_word' id='word_1_91' title='bbox 821 2494 983 2598; x_wconf 73' lang='lat' dir='ltr'><em>ipsorum</em></span> <span class='ocrx_word' id='word_1_92' title='bbox 1010 2489 1142 2590; x_wconf 82' lang='lat' dir='ltr'><em>benefi-</em></span> 
     </span>
     <span class='ocr_line' id='line_1_16' title="bbox 154 2591 1142 2702; baseline -0.005 -26"><span class='ocrx_word' id='word_1_93' title='bbox 154 2596 322 2687; x_wconf 85' lang='lat' dir='ltr'><em>ciorum,</em></span> <span class='ocrx_word' id='word_1_94' title='bbox 341 2619 511 2692; x_wconf 83' lang='lat' dir='ltr'><em>necnon,</em></span> <span class='ocrx_word' id='word_1_95' title='bbox 567 2598 682 2700; x_wconf 83' lang='lat' dir='ltr'><em>semel</em></span> <span class='ocrx_word' id='word_1_96' title='bbox 692 2597 858 2702; x_wconf 82' lang='lat' dir='ltr'><em>correpti</em></span> <span class='ocrx_word' id='word_1_97' title='bbox 874 2595 995 2674; x_wconf 83' lang='lat' dir='ltr'><em>denuo</em></span> <span class='ocrx_word' id='word_1_98' title='bbox 1017 2595 1056 2674; x_wconf 84' lang='lat' dir='ltr'><em>in</em></span> <span class='ocrx_word' id='word_1_99' title='bbox 1072 2591 1142 2672; x_wconf 76' lang='lat' dir='ltr'><em>loc</em></span> 
     </span>
     <span class='ocr_line' id='line_1_17' title="bbox 151 2693 1141 2803; baseline 0 -27"><span class='ocrx_word' id='word_1_100' title='bbox 151 2693 230 2776; x_wconf 81' lang='lat' dir='ltr'><em>deli</em></span> <span class='ocrx_word' id='word_1_101' title='bbox 254 2696 396 2791; x_wconf 83' lang='lat' dir='ltr'><em>uerint,</em></span> <span class='ocrx_word' id='word_1_102' title='bbox 415 2695 529 2777; x_wconf 74' lang='lat' dir='ltr'><em>etiam</em></span> <span class='ocrx_word' id='word_1_103' title='bbox 541 2725 614 2803; x_wconf 83' lang='lat' dir='ltr'><em>per</em></span> <span class='ocrx_word' id='word_1_104' title='bbox 629 2699 886 2803; x_wconf 79' lang='lat' dir='ltr'><em>priuationem</em></span> <span class='ocrx_word' id='word_1_105' title='bbox 912 2696 1141 2800; x_wconf 81' lang='lat' dir='ltr'><em>officiorum,</em></span> 
     </span>
     <span class='ocr_line' id='line_1_18' title="bbox 156 2724 1062 2910; baseline 0.002 -32"><span class='ocrx_word' id='word_1_106' title='bbox 156 2821 198 2878; x_wconf 84' lang='lat' dir='ltr'><em>et</em></span> <span class='ocrx_word' id='word_1_107' title='bbox 209 2724 477 2898; x_wconf 64' lang='lat' dir='ltr'><em>‘Zeneficiorzon</em></span> <span class='ocrx_word' id='word_1_108' title='bbox 492 2804 653 2883; x_wconf 81' lang='lat' dir='ltr'><em>coerceri</em></span> <span class='ocrx_word' id='word_1_109' title='bbox 663 2803 805 2910; x_wconf 79' lang='lat' dir='ltr'><em>poffint</em></span> <span class='ocrx_word' id='word_1_110' title='bbox 828 2830 875 2883; x_wconf 85' lang='lat' dir='ltr'><em>oc</em></span> <span class='ocrx_word' id='word_1_111' title='bbox 894 2799 1062 2881; x_wconf 82' lang='lat' dir='ltr'><em>debeant.</em></span> 
     </span>
    </p>
   </div>
   <div class='ocr_carea' id='block_1_4' title="bbox 116 2999 1150 3598">
    <p class='ocr_par' dir='ltr' id='par_1_5' title="bbox 116 2999 1149 3427">
     <span class='ocr_line' id='line_1_19' title="bbox 116 2999 1147 3076; baseline -0.004 -5"><span class='ocrx_word' id='word_1_112' title='bbox 116 2999 130 3014; x_wconf 81' lang='lat'><strong><em>‘</em></strong></span> <span class='ocrx_word' id='word_1_113' title='bbox 155 3005 283 3071; x_wconf 85' lang='lat' dir='ltr'><em>Clerici</em></span> <span class='ocrx_word' id='word_1_114' title='bbox 302 3007 333 3068; x_wconf 86' lang='lat' dir='ltr'><em>in</em></span> <span class='ocrx_word' id='word_1_115' title='bbox 351 3005 524 3070; x_wconf 80' lang='lat' dir='ltr'><em>minoribus</em></span> <span class='ocrx_word' id='word_1_116' title='bbox 542 3004 701 3076; x_wconf 80' lang='lat' dir='ltr'><em>constituti</em></span> <span class='ocrx_word' id='word_1_117' title='bbox 720 3005 942 3076; x_wconf 81' lang='lat' dir='ltr'><em>fibeneficlum</em></span> <span class='ocrx_word' id='word_1_118' title='bbox 954 3005 1070 3071; x_wconf 84' lang='lat' dir='ltr'><em>eccles.</em></span> <span class='ocrx_word' id='word_1_119' title='bbox 1080 3022 1147 3068; x_wconf 84' lang='lat' dir='ltr'><em>non</em></span> 
     </span>
     <span class='ocr_line' id='line_1_20' title="bbox 246 3085 1145 3173; baseline 0 -23"><span class='ocrx_word' id='word_1_120' title='bbox 246 3085 405 3166; x_wconf 81' lang='lat' dir='ltr'>habeant,</span> <span class='ocrx_word' id='word_1_121' title='bbox 423 3093 462 3155; x_wconf 86' lang='lat' dir='ltr'><em>ad</em></span> <span class='ocrx_word' id='word_1_122' title='bbox 477 3086 685 3156; x_wconf 83' lang='lat' dir='ltr'><em>deferendum</em></span> <span class='ocrx_word' id='word_1_123' title='bbox 696 3093 836 3157; x_wconf 82' lang='lat' dir='ltr'><em>habitum</em></span> <span class='ocrx_word' id='word_1_124' title='bbox 847 3141 855 3163; x_wconf 85' lang='lat'>‚</span> <span class='ocrx_word' id='word_1_125' title='bbox 868 3091 899 3155; x_wconf 75' lang='lat' dir='ltr'><em>li</em></span> <span class='ocrx_word' id='word_1_126' title='bbox 909 3093 1066 3154; x_wconf 83' lang='lat' dir='ltr'><em>tonsuram</em></span> <span class='ocrx_word' id='word_1_127' title='bbox 1080 3091 1145 3173; x_wconf 87' lang='lat' dir='ltr'><em>qui-</em></span> 
     </span>
     <span class='ocr_line' id='line_1_21' title="bbox 244 3172 1148 3258; baseline -0.002 -22"><span class='ocrx_word' id='word_1_128' title='bbox 244 3172 318 3236; x_wconf 85' lang='lat' dir='ltr'><em>dem</em></span> <span class='ocrx_word' id='word_1_129' title='bbox 338 3188 405 3236; x_wconf 89' lang='lat' dir='ltr'><em>non</em></span> <span class='ocrx_word' id='word_1_130' title='bbox 432 3186 599 3248; x_wconf 82' lang='lat' dir='ltr'><em>tenentur,</em></span> <span class='ocrx_word' id='word_1_131' title='bbox 628 3175 682 3240; x_wconf 86' lang='lat' dir='ltr'><em>sed</em></span> <span class='ocrx_word' id='word_1_132' title='bbox 730 3176 867 3258; x_wconf 76' lang='lat' dir='ltr'><em>riuilegio</em></span> <span class='ocrx_word' id='word_1_133' title='bbox 889 3172 959 3255; x_wconf 78' lang='lat' dir='ltr'><em>fori</em></span> <span class='ocrx_word' id='word_1_134' title='bbox 987 3191 1052 3237; x_wconf 85' lang='lat' dir='ltr'><em>non</em></span> <span class='ocrx_word' id='word_1_135' title='bbox 1076 3189 1148 3252; x_wconf 72' lang='lat' dir='ltr'><strong>gau·</strong></span> 
     </span>
     <span class='ocr_line' id='line_1_22' title="bbox 245 3254 1149 3345; baseline -0.003 -26"><span class='ocrx_word' id='word_1_136' title='bbox 245 3254 380 3320; x_wconf 84' lang='lat' dir='ltr'>debunt.</span> <span class='ocrx_word' id='word_1_137' title='bbox 424 3260 536 3323; x_wconf 78' lang='lat' dir='ltr'><em>Tmo.</em></span> <span class='ocrx_word' id='word_1_138' title='bbox 565 3258 655 3324; x_wconf 72' lang='lat' dir='ltr'><em>Sus.</em></span> <span class='ocrx_word' id='word_1_139' title='bbox 719 3258 818 3324; x_wconf 83' lang='lat' dir='ltr'><em>XIII.</em></span> <span class='ocrx_word' id='word_1_140' title='bbox 840 3279 901 3342; x_wconf 82' lang='lat' dir='ltr'><em>cop.</em></span> <span class='ocrx_word' id='word_1_141' title='bbox 921 3262 951 3321; x_wconf 86' lang='lat'><em>6.</em></span> <span class='ocrx_word' id='word_1_142' title='bbox 975 3256 1008 3319; x_wconf 80' lang='lat' dir='ltr'><em>de</em></span> <span class='ocrx_word' id='word_1_143' title='bbox 1031 3259 1149 3345; x_wconf 67' lang='lat' dir='ltr'><em>reform.</em></span> 
     </span>
     <span class='ocr_line' id='line_1_23' title="bbox 244 3338 1148 3427; baseline 0 -28"><span class='ocrx_word' id='word_1_144' title='bbox 244 3339 407 3420; x_wconf 86' lang='lat' dir='ltr'><em>Disputari</em></span> <span class='ocrx_word' id='word_1_145' title='bbox 426 3344 529 3419; x_wconf 82' lang='lat' dir='ltr'><em>solet,</em></span> <span class='ocrx_word' id='word_1_146' title='bbox 548 3359 585 3405; x_wconf 81' lang='lat' dir='ltr'><em>an</em></span> <span class='ocrx_word' id='word_1_147' title='bbox 603 3344 698 3408; x_wconf 85' lang='lat' dir='ltr'><em>etiam</em></span> <span class='ocrx_word' id='word_1_148' title='bbox 713 3340 901 3427; x_wconf 77' lang='lat' dir='ltr'><em>priuilegion</em></span> <span class='ocrx_word' id='word_1_149' title='bbox 917 3338 1036 3402; x_wconf 79' lang='lat' dir='ltr'><em>canoris</em></span> <span class='ocrx_word' id='word_1_150' title='bbox 1061 3339 1148 3403; x_wconf 83' lang='lat' dir='ltr'>amit·</span> 
     </span>
    </p>

    <p class='ocr_par' dir='ltr' id='par_1_6' title="bbox 219 3421 1150 3598">
     <span class='ocr_line' id='line_1_24' title="bbox 219 3421 1150 3513; baseline 0 -29"><span class='ocrx_word' id='word_1_151' title='bbox 219 3421 346 3487; x_wconf 65' lang='lat' dir='ltr'><strong>cant?</strong></span> <span class='ocrx_word' id='word_1_152' title='bbox 373 3423 534 3511; x_wconf 73' lang='lat' dir='ltr'><em>Negatiua</em></span> <span class='ocrx_word' id='word_1_153' title='bbox 561 3429 764 3510; x_wconf 78' lang='lat' dir='ltr'><em>praeplacet,</em></span> <span class='ocrx_word' id='word_1_154' title='bbox 799 3425 875 3513; x_wconf 86' lang='lat' dir='ltr'><em>quia</em></span> <span class='ocrx_word' id='word_1_155' title='bbox 899 3425 1071 3488; x_wconf 75' lang='lat' dir='ltr'><em>concilium</em></span> <span class='ocrx_word' id='word_1_156' title='bbox 1097 3424 1150 3488; x_wconf 82' lang='lat' dir='ltr'><em>tri-</em></span> 
     </span>
     <span class='ocr_line' id='line_1_25' title="bbox 247 3503 1033 3598; baseline 0 -32"><span class='ocrx_word' id='word_1_157' title='bbox 247 3503 413 3572; x_wconf 77' lang='lat' dir='ltr'><em>dentinum</em></span> <span class='ocrx_word' id='word_1_158' title='bbox 431 3527 489 3574; x_wconf 72' lang='lat' dir='ltr'><em>eoi</em></span> <span class='ocrx_word' id='word_1_159' title='bbox 506 3511 677 3598; x_wconf 78' lang='lat' dir='ltr'><em>priuilegio</em></span> <span class='ocrx_word' id='word_1_160' title='bbox 696 3507 758 3573; x_wconf 83' lang='lat' dir='ltr'><em>fori</em></span> <span class='ocrx_word' id='word_1_161' title='bbox 776 3520 897 3574; x_wconf 79' lang='lat' dir='ltr'>tantum</span> <span class='ocrx_word' id='word_1_162' title='bbox 918 3510 1033 3595; x_wconf 83' lang='lat' dir='ltr'><em>priuat.</em></span> 
     </span>
    </p>
   </div>
   <div class='ocr_carea' id='block_1_5' title="bbox 404 3692 844 3968">
    <p class='ocr_par' dir='ltr' id='par_1_7' title="bbox 404 3692 844 3968">
     <span class='ocr_line' id='line_1_26' title="bbox 574 3692 760 3797; baseline 0.016 -27"><span class='ocrx_word' id='word_1_163' title='bbox 574 3692 613 3797; x_wconf 67' lang='lat' dir='ltr'><em>s.</em></span> <span class='ocrx_word' id='word_1_164' title='bbox 639 3697 760 3789; x_wconf 78' lang='lat' dir='ltr'><em>xvii.</em></span> 
     </span>
     <span class='ocr_line' id='line_1_27' title="bbox 404 3862 844 3968; baseline 0.002 -26"><span class='ocrx_word' id='word_1_165' title='bbox 404 3963 406 3968; x_wconf 27' lang='grc'><strong>,</strong></span> <span class='ocrx_word' id='word_1_166' title='bbox 437 3862 587 3944; x_wconf 75' lang='lat' dir='ltr'><em>Addita</em></span> <span class='ocrx_word' id='word_1_167' title='bbox 612 3863 844 3947; x_wconf 79' lang='lat' dir='ltr'><em>limitatione.</em></span> 
     </span>
    </p>
   </div>
   <div class='ocr_carea' id='block_1_6' title="bbox 151 4044 1145 4640">
    <p class='ocr_par' dir='ltr' id='par_1_8' title="bbox 151 4044 1145 4547">
     <span class='ocr_line' id='line_1_28' title="bbox 233 4044 1145 4157; baseline 0.002 -33"><span class='ocrx_word' id='word_1_168' title='bbox 233 4056 443 4146; x_wconf 79' lang='lat' dir='ltr'><em>Attamen,</em></span> <span class='ocrx_word' id='word_1_169' title='bbox 462 4072 507 4132; x_wconf 85' lang='lat' dir='ltr'><em>vt</em></span> <span class='ocrx_word' id='word_1_170' title='bbox 524 4053 688 4135; x_wconf 88' lang='lat' dir='ltr'><em>clericus</em></span> <span class='ocrx_word' id='word_1_171' title='bbox 707 4044 1145 4157; x_wconf 82' lang='lat' dir='ltr'><em>priuilegiishisccdica·</em></span> 
     </span>
     <span class='ocr_line' id='line_1_29' title="bbox 152 4150 1143 4259; baseline -0.003 -26"><span class='ocrx_word' id='word_1_172' title='bbox 152 4167 221 4233; x_wconf 82' lang='lat' dir='ltr'><em>tur</em></span> <span class='ocrx_word' id='word_1_173' title='bbox 237 4152 429 4255; x_wconf 78' lang='lat' dir='ltr'><em>priuatus.</em></span> <span class='ocrx_word' id='word_1_174' title='bbox 453 4156 614 4259; x_wconf 81' lang='lat' dir='ltr'><em>aliisque</em></span> <span class='ocrx_word' id='word_1_175' title='bbox 636 4153 829 4236; x_wconf 79' lang='lat' dir='ltr'><em>canonicis</em></span> <span class='ocrx_word' id='word_1_176' title='bbox 844 4151 991 4256; x_wconf 76' lang='lat' dir='ltr'><em>&#39;poenis</em></span> <span class='ocrx_word' id='word_1_177' title='bbox 1009 4150 1143 4230; x_wconf 85' lang='lat' dir='ltr'><strong>multe·</strong></span> 
     </span>
     <span class='ocr_line' id='line_1_30' title="bbox 151 4254 1143 4365; baseline 0.006 -35"><span class='ocrx_word' id='word_1_178' title='bbox 151 4269 241 4359; x_wconf 74' lang='lat' dir='ltr'><em>mr,</em></span> <span class='ocrx_word' id='word_1_179' title='bbox 260 4282 337 4334; x_wconf 88' lang='lat' dir='ltr'><em>non</em></span> <span class='ocrx_word' id='word_1_180' title='bbox 353 4254 513 4351; x_wconf 84' lang='lat' dir='ltr'><em>sufficit,</em></span> <span class='ocrx_word' id='word_1_181' title='bbox 531 4261 632 4365; x_wconf 88' lang='lat' dir='ltr'><em>quod</em></span> <span class='ocrx_word' id='word_1_182' title='bbox 647 4283 700 4338; x_wconf 82' lang='lat' dir='ltr'><em>ex</em></span> <span class='ocrx_word' id='word_1_183' title='bbox 726 4255 886 4334; x_wconf 81' lang='lat' dir='ltr'><em>leuitate</em></span> <span class='ocrx_word' id='word_1_184' title='bbox 906 4255 1059 4345; x_wconf 80' lang='lat' dir='ltr'><em>sallum,</em></span> <span class='ocrx_word' id='word_1_185' title='bbox 1076 4278 1143 4336; x_wconf 76' lang='lat' dir='ltr'><em>aut</em></span> 
     </span>
     <span class='ocr_line' id='line_1_31' title="bbox 154 4359 1142 4461; baseline -0.001 -27"><span class='ocrx_word' id='word_1_186' title='bbox 154 4377 336 4461; x_wconf 84' lang='lat' dir='ltr'>pompam</span> <span class='ocrx_word' id='word_1_187' title='bbox 349 4360 559 4442; x_wconf 85' lang='lat' dir='ltr'><em>secularem</em></span> <span class='ocrx_word' id='word_1_188' title='bbox 580 4389 657 4440; x_wconf 88' lang='lat' dir='ltr'><em>non</em></span> <span class='ocrx_word' id='word_1_189' title='bbox 674 4359 772 4440; x_wconf 86' lang='lat' dir='ltr'><em>nihil</em></span> <span class='ocrx_word' id='word_1_190' title='bbox 788 4360 965 4455; x_wconf 58' lang='lat' dir='ltr'><em>adsociet,</em></span> <span class='ocrx_word' id='word_1_191' title='bbox 977 4379 1043 4439; x_wconf 81' lang='lat' dir='ltr'><em>aut</em></span> <span class='ocrx_word' id='word_1_192' title='bbox 1054 4382 1142 4449; x_wconf 80' lang='lat' dir='ltr'>vna,</span> 
     </span>
     <span class='ocr_line' id='line_1_32' title="bbox 155 4453 1141 4547; baseline 0.002 -11"><span class='ocrx_word' id='word_1_193' title='bbox 155 4453 330 4542; x_wconf 76' lang='lat' dir='ltr'><em>alteraue</em></span> <span class='ocrx_word' id='word_1_194' title='bbox 346 4462 435 4546; x_wconf 87' lang='lat' dir='ltr'><em>vice</em></span> <span class='ocrx_word' id='word_1_195' title='bbox 455 4463 576 4545; x_wconf 82' lang='lat' dir='ltr'>vestes</span> <span class='ocrx_word' id='word_1_196' title='bbox 591 4466 790 4547; x_wconf 77' lang='lat' dir='ltr'><em>clericales</em></span> <span class='ocrx_word' id='word_1_197' title='bbox 810 4464 925 4545; x_wconf 86' lang='lat' dir='ltr'><em>etiam</em></span> <span class='ocrx_word' id='word_1_198' title='bbox 953 4458 1029 4540; x_wconf 84' lang='lat' dir='ltr'><em>fine</em></span> <span class='ocrx_word' id='word_1_199' title='bbox 1050 4459 1141 4538; x_wconf 85' lang='lat' dir='ltr'><em>iusta</em></span> 
     </span>
    </p>

    <p class='ocr_par' dir='ltr' id='par_1_9' title="bbox 531 4582 1092 4640">
     <span class='ocr_line' id='line_1_33' title="bbox 531 4582 1092 4640; baseline -0.004 -1"><span class='ocrx_word' id='word_1_200' title='bbox 531 4582 536 4591; x_wconf 88' lang='grc'><em>·</em></span> <span class='ocrx_word' id='word_1_201' title='bbox 1008 4588 1092 4640; x_wconf 84' lang='lat' dir='ltr'><em>cou-</em></span> 
     </span>
    </p>
   </div>
   <div class='ocr_carea' id='block_1_7' title="bbox 0 0 1404 5167">
    <p class='ocr_par' dir='ltr' id='par_1_10' title="bbox 0 0 1404 5167">
     <span class='ocr_line' id='line_1_34' title="bbox 0 0 1404 5167; baseline 0 0"><span class='ocrx_word' id='word_1_202' title='bbox 0 0 1404 5167; x_wconf 95' lang='lat' dir='ltr'><em> </em></span> 
     </span>
    </p>
   </div>
  </div>
 </body>
</html>
