2784 5167
738 444 741 449 Α
841 466 844 473 ι
1045 459 1058 474 9

360 566 364 577 Ι
1214 560 1218 567 .

415 594 420 601 ι

1042 648 1046 663 Ι

194 877 272 983 566
296 834 711 954 lvnrsnnvnn'nmie
730 836 1149 967 Ecccnsrasrrcna‚

196 1060 342 1144 ciliatio
351 1058 404 1139 fit'
418 1054 610 1135 mediante
619 1078 721 1156 aqua
731 1050 1103 1162 Gregoriana,quae
1116 1056 1208 1138 ficu-

193 1168 258 1245 tia
277 1166 358 1244 solo
392 1158 568 1262 episcopo
586 1156 862 1253 consecranda.
888 1154 945 1238 ita
967 1184 1008 1239 et
1023 1162 1209 1242 ecclefiae

193 1263 463 1348 reconciliatio
483 1287 557 1336 non
577 1257 645 1336 nisi
676 1284 746 1360 per
771 1256 994 1363 episcopum
1024 1262 1113 1342 fieri
1141 1292 1208 1370 po-

195 1372 278 1449 test.
337 1368 481 1446 Dicunt
500 1382 649 1453 autem,
677 1362 779 1463 quod
813 1361 895 1439 ideo
919 1367 1205 1449 reconcilietur

197 1471 380 1554 ecclesia,
407 1490 453 1545 vt
473 1464 652 1543 videntes
668 1464 796 1542 locum
818 1464 958 1545 sacrum
973 1465 1046 1543 seu
1081 1468 1204 1553 inani·

199 1600 347 1659 matum
375 1570 560 1667 templum
589 1571 699 1644 nullo
730 1592 890 1670 peccato
917 1568 1126 1650 obnoxium
1154 1577 1205 1655 la·

198 1681 282 1761 uari
302 1701 341 1757 et
360 1671 581 1775 purificari,
605 1670 736 1768 delicli
751 1669 916 1749 horrore
934 1672 1206 1755 concutiantur

199 1804 241 1861 et
260 1781 497 1875 recogitent,
524 1796 708 1873 quantum
729 1798 798 1873 pro
807 1777 1029 1878 expiatione
1050 1778 1201 1859 delicio

198 1913 312 1978 rum,
340 1905 380 1959 et
398 1880 493 1957 viuo
516 1878 608 1957 Dor
621 1879 766 1982 templo
791 1874 839 1956 fit
866 1881 1151 1961 elaborandum

204 2102 273 2190 Cap,
292 2121 320 2173 4.
338 2118 367 2169 o.
386 2096 421 2157 de
442 2095 562 2177 consecr.
581 2096 679 2160 eccles.
696 2101 788 2160 vnn
812 2098 939 2161 Eam
962 2098 985 2161 I.
1013 2122 1038 2160 c.
1071 2084 1147 2191 caps
1165 2103 1205 2168 V.

284 2184 377 2251 Haec
391 2198 495 2266 pauca
512 2182 554 2247 de
573 2178 635 2244 hac
655 2183 787 2247 materia
813 2179 901 2248 dicta
924 2182 1095 2259 sufficiant.

536 2441 578 2547 s.
613 2447 856 2529 occtxtx.

202 2646 422 2758 Reparatio
444 2647 672 2750 ecclefiarum
687 2648 870 2746 facienda
890 2676 943 2728 ex
960 2648 1060 2729 bonis
1068 2648 1188 2750 sabri-

551 2784 618 2834 cae
639 2753 847 2860 deputatis.

290 2960 455 3061 Templa
475 2961 593 3039 semel
611 2958 811 3042 aedificata
825 2980 865 3039 et
887 2962 1126 3056 consecrata,
1149 2978 1194 3039 vt

200 3060 302 3141 sarta
329 3065 428 3142 tecla
448 3067 743 3159 construentur,
772 3068 988 3144 curandum
1004 3069 1067 3147 est.
1088 3070 1197 3143 Hunc

205 3164 246 3243 in
281 3164 397 3246 finem
434 3191 581 3248 certam
605 3191 754 3274 partem
785 3190 1045 3271 prouentuuni
1085 3169 1194 3250 eccle·

201 3262 437 3350 fiasticorum
465 3273 505 3348 in
529 3274 813 3374 reparationem
842 3271 1015 3355 fabricae
1040 3275 1193 3355 reserua-

199 3395 293 3451 runt
323 3398 499 3452 canones.
568 3377 619 3454 Et
644 3377 740 3457 licet
777 3374 892 3455 hodie
924 3405 1004 3459 non
1033 3382 1196 3461 obtineat

198 3476 476 3578 quadripartita
506 3480 574 3560 illa
600 3485 788 3562 bonorum
808 3483 941 3561 eccles.
960 3484 1118 3571 diuino,
1149 3508 1198 3564 ta·

198 3605 290 3663 men
309 3606 405 3695 qpae
419 3612 489 3690 pro
508 3586 679 3669 frabrica
699 3585 920 3689 specialiter
939 3591 1197 3693 fintdeputata

200 3706 254 3760 ex
270 3704 430 3783 antiqua
456 3689 685 3798 disciplinas
705 3714 744 3771 et
773 3694 889 3771 hodie
928 3695 972 3778 in
998 3690 1199 3804 reparatio

199 3812 290 3868 nem
315 3791 560 3876 ecclesiarum
585 3797 839 3903 impendenda
861 3800 959 3882 sunt.

203 3996 270 4062 cn.
291 4019 341 4080 ao.
361 3996 441 4066 XII.
457 4023 485 4089 q.
513 4002 559 4071 11.
