2784 5167
586 818 741 900 Pnrts
766 823 832 899 ΙΙΙ.
1152 830 1204 927 63

195 1006 449 1109 eccigfinstica
468 1004 507 1080 in
525 1003 760 1111 episcopum,
789 1013 829 1086 in
847 1007 1004 1104 clerum,
1040 1010 1206 1115 injuria
1249 992 1253 1001 ³

203 1118 321 1207 teda,
353 1115 1206 1219 etpaaperesaequansportionibusdistribu·

196 1242 335 1312 autur,
361 1214 538 1293 seruiret.

186 1413 371 1482 Λυᾶοτεε
400 1408 492 1474 forre
513 1409 752 1482 Sturnrcrvs,
778 1423 811 1471 et
840 1396 1047 1481 (intritus,
1070 1407 1219 1491 pontifi--

284 1513 344 1563 ces
363 1497 455 1560 relati
479 1497 512 1557 in
531 1497 606 1566 caui.
634 1489 717 1554 XII.
736 1514 762 1575 q.
785 1490 833 1554 il.
861 1514 920 1556 can.
940 1512 983 1570 23
1006 1497 1070 1575 Jqq.
1094 1492 1204 1570 Quare

297 1594 405 1644 autem
426 1593 538 1660 quarta
557 1580 652 1641 solie
679 1581 790 1662 iicopo
816 1576 1020 1642 obuentrett
1050 1576 1145 1641 Hanc
1162 1593 1206 1640 rt·

292 1669 416 1730 tionem
436 1663 572 1726 Grai-ns.
592 1594 676 1745 episi?
697 1659 740 1726 X.
758 1658 869 1722 reddit:
906 1658 1106 1745 qrodsciit'cet
1126 1680 1207 1745 pere·

287 1748 392 1832 aridos
411 1763 438 1809 tt
454 1746 588 1832 captiuos
604 1747 618 1825 (
634 1745 842 1819 nobiliores)
860 1747 993 1829 extipere
1009 1743 1128 1805 deberet.

557 1966 627 2087 ¹5.
654 1969 830 2048 xcvur.
919 1953 921 1957 ’

351 2174 491 2280 anue
510 2173 609 2258 nullo
624 2202 841 2283 pauperum
858 2171 1065 2278 dispendio.
1110 2291 1113 2294 Α

199 2378 203 2385 ’
309 2357 497 2466 Quamuis
522 2385 648 2444 autem
670 2364 859 2443 sancitum
875 2361 920 2457 sit
937 2361 1123 2443 ecciesiae
1148 2365 1208 2442 de·

207 2467 358 2555 cretis,
389 2485 435 2542 vt
450 2487 580 2565 quarta
598 2469 733 2547 saltem
752 2466 948 2544 redituum
962 2491 1052 2572 pars
1072 2490 1209 2568 paupe-

209 2570 321 2649 ribus
331 2591 535 2673 erogetur,
563 2572 649 2650 ideo
666 2566 903 2649 beneficiarii
921 2593 1109 2648 memores
1122 2593 1208 2673 apo·

205 2672 368 2753 stolicae
388 2673 687 2767 mediocritatis,
715 2671 923 2752 neceisario
940 2670 1014 2750 effe
1036 2672 1209 2777 contenti

204 2775 451 2870 adsuescant,
479 2772 624 2874 restdua
643 2778 770 2880 egenis
792 2773 1036 2868 distribuere,
1058 2777 1213 2854 luxum·

206 2903 288 2984 que
318 2902 358 2958 et
377 2879 645 2958 abundantiam
670 2880 873 2985 defugere,
909 2905 960 2957 ne
987 2879 1211 2959 obliuiscan-
1261 2950 1263 2953 .
1313 2892 1321 2903 ’

206 2999 293 3065 tur.
352 2983 438 3060 Vna
454 2984 557 3060 enim
576 2982 738 3076 constat,
765 3005 805 3063 et
832 2983 965 3063 eadem
987 3005 1127 3064 natura
1147 2983 1211 3062 ha-

210 3109 300 3163 rum
322 3086 512 3191 partium,
542 3109 657 3189 atque
677 3087 817 3166 totius:
850 3106 973 3190 vique
990 3109 1079 3165 ante
1097 3087 1214 3190 parti·

207 3189 391 3276 tionem,
427 3191 484 3270 ita
512 3211 552 3268 et
580 3188 706 3295 postea
736 3214 947 3295 pauperum
977 3192 1027 3277 eii
1053 3211 1135 3269 tota
1166 3214 1214 3266 ea

207 3290 427 3373 substantia.
482 3295 592 3373 Haec
609 3292 883 3377 ecclesiasticae
894 3291 1116 3396 disciplinae
1127 3316 1214 3370 con·

212 3393 434 3475 stantiiirma*
450 3395 537 3476 sunt
566 3397 741 3502 piacita,
776 3425 847 3477 nec
874 3396 967 3474 vilis
995 3418 1213 3501 temporum

208 3497 391 3586 vicibus,
428 3525 501 3578 nec
523 3502 777 3606 partitionum
803 3500 1093 3606 quibuscunque
1117 3497 1212 3608 legi·

194 3604 283 3685 {tus
300 3604 511 3686 mutabilia.

213 3799 349 3863 Interim
369 3790 636 3862 verisimillimum
653 3795 716 3872 est,
739 3796 847 3860 iocum
856 3812 919 3860 non
930 3791 1212 3877 inisseqmdrtpn·

296 3886 376 3946 ritae
407 3880 455 3943 iiii
485 3877 716 3955 distributioni,
746 3882 798 3944 nist
819 3884 931 3964 quinto
949 3880 1079 3944 demum
1097 3875 1213 3941 seculo.

192 4035 200 4047 ,
295 3967 356 4030 Nil
368 3966 454 4029 aliud
465 3965 677 4029 demonstrant
687 3966 829 4046 priorum
840 3967 1019 4030 seculorum
1029 3960 1215 4051 testimonia,

294 4068 389 4130 quam
407 4050 595 4134 episcopum
613 4052 737 4112 iu‘mmo*
750 4051 817 4112 iure
834 4053 941 4112 sacros
952 4043 1212 4125 reditutdrspeo-

296 4133 368 4198 saise
379 4135 467 4196 rutila
477 4148 564 4198 certa
573 4131 777 4197 conssridium
787 4134 876 4215 iege,
890 4132 944 4197 nist
956 4125 1217 4193 cantarinsnn-

302 4234 454 4282 nnosrvs
479 4218 558 4298 offic.
586 4217 635 4279 iii.
660 4215 706 4279 ii.
735 4237 800 4299 cap.
829 4232 891 4281 21.⁴
909 4221 973 4281 imo
1002 4219 1035 4278 in
1065 4214 1214 4278 orientali

258 4357 260 4360 .
304 4302 440 4367 eccleia
460 4318 522 4364 nec
543 4305 651 4368 seculo
668 4303 712 4362 V.
732 4299 812 4364 haec
837 4301 947 4381 diuisro
972 4297 1212 4365 obseruabatur.

307 4384 473 4452 Crnru.
487 4393 690 4452 niumm.
709 4398 778 4448 ton.
799 4387 842 4452 V.
862 4383 1016 4471 1²:114,
1035 4402 1108 4448 ιιι.

969 4542 1012 4655 ς’.
1029 4553 1163 4633 xor.
