2784 5167
450 822 775 925 Panem.-
1015 844 1134 959 '559

193 1016 241 1103 fit
258 1010 489 1099 aedificandi
509 1012 720 1106 ecclefiam.
775 1015 864 1115 Qua
884 1013 925 1091 in
947 1017 1150 1121 quaestio·x

172 1124 341 1213 taliter,
368 1115 463 1197 fide
490 1121 660 1200 eeclesiis
686 1117 992 1221 parochialibus:
1017 1126 1134 1203 ahter

172 1226 283 1319 rufi
315 1227 365 1301 de
387 1221 533 1303 sacellis
560 1224 626 1304 seu
655 1220 816 1324 capellis
833 1221 958 1304 sermo
980 1224 1046 1320 sut,
1074 1250 1133 1304 re-

172 1322 391 1413 endendum
408 1326 470 1404 est.
533 1329 614 1406 Has
643 1327 753 1427 quod
771 1327 919 1406 adtinet
941 1329 1134 1432 imprimis

172 1432 293 1515 {tendi
312 1429 442 1521 debet,
458 1455 506 1505 ne
528 1456 596 1527 per
605 1429 913 1530 haecpopulusa
932 1433 1134 1533 parochia·

180 1530 340 1631 ecelefia
356 1533 519 1610 nimium
541 1532 803 1622 abstrahatur,
828 1554 945 1637 atque
961 1537 1050 1614 inde
1071 1534 1135 1613 rei

172 1638 326 1747 tig‘iosae
342 1633 562 1741 ignorantia
579 1638 742 1715 oriatur.
772 1632 980 1715 Praeterea
998 1650 1136 1717 cauen'·

172 1770 222 1833 rm
243 1731 322 1835 est,
347 1764 397 1816 ne
417 1739 590 1840 quaestus
615 1740 749 1832 causa,
777 1739 902 1815 autin
923 1741 1046 1818 vllum
1074 1765 1134 1820 ec-

172 1843 267 1928 efiae
284 1843 518 1949 parochialis
535 1841 820 1947 praeiudicium
839 1845 1036 1929 extrufflo
1050 1837 1133 1925 fiat.

172 2072 206 2119 ut·
225 2010 272 2117 re.
286 2044 351 2131 dist.
368 2046 396 2113 Ῑ.
416 2046 451 2113 de
466 2054 589 2133 ronstcr.
672 2100 677 2114 .

248 2224 252 2233 ¹
387 2360 393 2364 .
474 2291 515 2398 §-
559 2293 784 2375 uccuvn.

172 2446 356 2599 iaximefi
372 2436 473 2580 nnita
470 2496 527 2600 fit
535 2497 683 2600 ecclefia
690 2490 935 2604 paroehialis
944 2494 1134 2605 erigenda.

222 2703 336 2786 Noua
352 2705 511 2798 ecelesia
526 2704 882 2812 parochialis'erigi
899 2705 1051 2807 nequit,
1077 2705 1135 2785 ui·

183 2830 262 2888 vna
286 2809 460 2915 erigatur
486 2835 587 2888 noua
611 2808 804 2913 parochia.
861 2813 975 2889 ¹Haec
1003 2829 1136 2889 autem

172 2913 316 2991 ›nstitui
337 2912 492 3014 nequit,
518 2911 590 2990 nifi
611 2914 658 2989 de
682 2912 814 2992 veteri
839 2911 1056 3017 parochia,
1092 2915 1136 2992 in

172 3014 252 3106 nius
272 3015 460 3096 limitibus
479 3038 579 3093 noua
589 3016 844 3110 construitur,
862 3017 1006 3119 aliquid
1028 3018 1137 3095 dece·

172 3138 220 3211 ut,
274 3118 332 3196 Eo
348 3118 471 3214 magis
486 3143 580 3220 ergo
596 3117 661 3195 hic
680 3122 920 3199 rationabilis
938 3119 1053 3200 causa
1066 3144 1137 3198 ex·

172 3221 267 3323 gitur.
320 3220 428 3301 Inter
446 3222 576 3299 causas
592 3221 785 3325 legitimas
800 3221 990 3325 imprimis
1009 3219 1071 3302 'est
1092 3225 1137 3299 il·
1158 3252 1166 3269 ³

172 3354 208 3415 ι,
236 3320 277 3419 fi
298 3322 384 3423 fine
410 3350 549 3427 magno
574 3321 807 3402 incommodo
835 3327 1060 3429 parochiani
1087 3327 1136 3404 ad

172 3430 245 3505 nm
263 3428 465 3508 ecelesiam
484 3430 669 3507 accedere
685 3450 892 3532 nequeant„
945 3429 996 3506 Et
1021 3453 1136 3535 gene·

172 3529 259 3623 ¹etim
282 3533 583 3634 quotiescunque
600 3530 702 3611 satus
718 3532 852 3638 populi
878 3557 1004 3614 nouae
1028 3558 1139 3639 paro·
1225 3556 1228 3565 ·

172 3633 255 3713 niue
271 3634 507 3715 ereeiionem
523 3636 660 3743 exigit.
1224 3658 1229 3669 ’

172 3878 959 4054 auuretinuerunt·
975 3907 1014 4037 t
1031 3887 1137 4060 nr

218 4065 268 4111 m.
784 4088 787 4094 ·
1095 4097 1097 4101 ·
