2784 5167
268 901 323 992 ‘46
374 899 791 976 lvnlsnnvnennlnlt
813 892 1202 987 Ecctnsinsrican,

269 1082 407 1162 viuere
433 1103 645 1174 mereatur,
672 1083 740 1188 qui
754 1084 868 1161 altari
884 1079 967 1186 ipse
988 1108 1064 1163 non
1084 1084 1251 1166 seruiat-t·

271 1183 349 1263 esto
370 1189 549 1268 idoneum
573 1185 639 1266 fibi
665 1187 857 1264 hominem
878 1187 1120 1272 substituerit.
1153 1222 1155 1231 ·

273 1403 342 1488 Cap,
367 1416 421 1476 43.
447 1403 480 1468 5.
510 1415 535 1456 1.
559 1392 592 1455 de
611 1394 661 1473 off·
680 1408 707 1455 et
727 1389 825 1478 pottfl.
849 1392 1254 1485 iuo.deteg.cap.12.eoa.

307 1509 310 1515 ·
354 1504 384 1633 p:
410 1490 449 1629 p
483 1481 577 1544 Adde
604 1482 735 1543 usian
759 1494 839 1564 part.
867 1477 896 1543 1.
918 1480 978 1545 tit·
997 1479 1063 1546 111.
1089 1502 1151 1566 cop.
1180 1478 1247 1543 IV.

639 1796 677 1901 s.
707 1800 877 1875 txxni.

601 1998 720 2099 Quod
729 1999 926 2080 limitatur.
1013 2044 1016 2048 =

360 2183 538 2259 Ceterum
555 2192 633 2251 tam
648 2172 775 2279 rigida
790 2172 934 2254 nonest
949 2172 1105 2256 ecclefia
1119 2197 1257 2271 mater,

274 2307 321 2364 vt
339 2283 453 2361 rebus
480 2275 726 2381 exigentibus
749 2278 791 2354 in
816 2278 890 2357 hac
908 2278 1032 2359 causta
1052 2280 1150 2357 nihil
1167 2305 1257 2359 con·

273 2390 393 2471 cedat.
445 2385 634 2460 Adtamen
659 2377 699 2454 id
731 2381 922 2482 praecipit
959 2381 1151 2478 omnibuS,
1186 2381 1257 2486 qui

273 2491 376 2570 infra
408 2484 604 2586 episcopua
630 2478 736 2570 sunt,
762 2481 976 2560 animarum
1004 2508 1096 2560 cura
1121 2509 1254 2587 graua-

274 2593 348 2675 tis,
383 2609 428 2664 vt
454 2578 747 2685 quandocunque
772 2606 857 2669 eoa,
902 2583 1024 2681 c'ouffo
1047 2582 1159 2688 prius
1182 2613 1257 2690 per

275 2693 488 2795 episcopum
511 2679 684 2782 cognito,
712 2682 957 2784 aptabam,
984 2684 1102 2785 obeffe
1137 2688 1260 2765 conti.

271 2791 390 2894 gerit,
415 2785 595 2863 uicarium
615 2779 786 2863 idoneum
804 2783 949 2887 abipso
971 2789 1164 2865 ordinario
1187 2787 1259 2868 ad·

267 2887 508 2998 probandum
533 2914 614 2965 eum
641 2883 769 2963 debito
795 2887 974 2965 mercedis
996 2889 1261 2992 ‹zdstgnotione

273 2994 506 3097 relinquunt,
530 2985 738 3094 discedendi
753 3008 878 3066 autem
886 2989 1074 3069 licentiam
1088 2994 1128 3068 iu
1132 2996 1260 3099 scrip

274 3099 347 3187 tis‚
371 3095 567 3197 gratisque
586 3090 856 3171 concedendam
874 3092 973 3170 vltra
989 3093 1154 3191 bimestre
1168 3116 1261 3174 tem·

271 3227 353 3305 put
394 3196 460 3296 nist
502 3224 551 3274 ex
610 3194 728 3300 graui
763 3196 889 3298 cozqffo
929 3222 1005 3273 non
1044 3197 1255 3276 obtineant.

257 3311 436 3385 4δΥΝοι).
455 3304 584 3379 Tnln.
602 3300 672 3380 loc·
688 3296 751 3377 cit.

277 3511 466 3666 “ibini
481 3507 619 3657 {iiii
635 3511 982 3679 institituit
1002 3506 1257 3657 {isitii

359 3675 465 3743 nestri
480 3687 633 3762 tempore
650 3674 716 3740 fine
731 3673 884 3744 facultate
897 3673 1001 3740 abeii'e
1019 3692 1167 3763 nequeat.
1185 3676 1258 3739 Du·

358 3761 447 3825 bium
463 3765 535 3825 sane
551 3759 719 3824 odiosum!
742 3760 888 3833 dubium,
909 3775 944 3826 ut
955 3763 1069 3844 loquar
1088 3760 1256 3836 mitiffinie,

354 3858 390 3912 et
408 3845 561 3930 periculis
574 3860 638 3905 non
653 3848 779 3927 paucis,
802 3861 835 3910 et
852 3847 1038 3929 disciplinae
1052 3847 1175 3910 laxitati
1194 3861 1261 3907 naa,

358 3933 448 3997 xime
462 3929 656 3994 obnoxium:
678 3941 775 4011 atque
790 3928 853 3992 hoc
867 3931 938 4011 ipso
955 3949 998 3992 ex
1008 3931 1115 4013 capite
1127 3927 1258 4008 absque

279 4014 282 4019 '
358 4015 460 4082 multa
472 4021 729 4098 argumentorum
745 4015 951 4077 contentione
965 4014 1103 4078 animose
1114 4010 1260 4075 reiicien·

263 4102 268 4109 '
361 4100 445 4164 dum.
489 4096 553 4162 Sed
580 4090 696 4159 tacebo
720 4095 829 4180 plures
857 4094 1121 4161 decretalistarom
1145 4092 1206 4158 hac
1221 4088 1259 4158 in

275 4184 279 4191 '
320 4199 324 4208 ·
362 4181 491 4246 materia
506 4181 743 4252 aberrationes,
759 4183 915 4264 nimisque
931 4182 1080 4263 benignas
1098 4175 1260 4262 interpre-

361 4267 516 4332 tationes.
538 4266 701 4342 Quaerunt
714 4267 877 4340 nonnulli,
897 4282 938 4328 an
949 4263 1156 4328 beneficiatus
1172 4278 1261 4327 cute·

362 4361 415 4410 tus
433 4362 556 4433 tempore
576 4346 662 4433 pestis
686 4347 725 4411 ad
750 4350 932 4415 euitandam
948 4349 1126 4434 periculum
1149 4340 1261 4412 abess'e

360 4429 479 4516 potiit?
513 4430 572 4495 Hie
599 4434 770 4518 respondet
795 4434 963 4499 Gnuoon.
993 4432 1037 4494 ΙΙ.
1064 4430 1100 4495 P.
1124 4429 1156 4495 in
1180 4416 1260 4518 epist.

352 4510 415 4612 st·
444 4511 483 4573 od
506 4513 645 4599 querendam
661 4516 859 4599 Bonifatiun,
891 4517 1009 4605 epistop
1027 4515 1153 4600 lctipto,
1170 4513 1262 4580 hisce

357 4613 360 4618 ’
1145 4616 1220 4664 vet·
