2784 5167
194 894 272 973 442
295 878 705 955 Ivnrsenvnnnrrnn
724 874 1108 979 Eccnnsusucm,

194 1062 299 1152 mile,
323 1063 481 1168 velitque
497 1058 667 1143 habitum
681 1061 870 1141 dimittere
889 1090 1116 1175 quacunque
1138 1068 1182 1153 de

192 1170 327 1263 eausa,
353 1187 421 1244 aut
441 1163 654 1248 etiam-cum
677 1164 811 1245 nabitu
834 1164 1023 1261 disteden
1037 1176 1124 1271 fine
1142 1174 1184 1253 li.

195 1270 320 1347 nentia
332 1270 598 1372 firmorum,
635 1297 713 1348 nan
743 1265 949 1367 audiatur,
982 1274 1048 1375 rufi
1078 1278 1184 1355 intra

196 1373 483 1477 quinquennium
493 1390 641 1449 tantum
655 1370 750 1449 adie
753 1376 1014 1474 projefiania,
1043 1400 1176 1459 etrum

194 1501 273 1553 non
302 1474 441 1561 aliter,
476 1474 543 1573 nist
569 1482 730 1571 cautinus,
770 1500 869 1577 quas
887 1478 1175 1581 praetenderit,

194 1576 396 1655 deduxerit
425 1604 553 1653 corant
584 1579 773 1671 ftaperiore
795 1582 872 1677 fua
899 1602 933 1655 et
962 1580 1175 1661 ordinario.

198 1678 345 1777 Quadst
359 1698 474 1755 antea
489 1674 805 1785 habitam-sponte
822 1679 1016 1777 dimiserit,
1054 1686 1180 1765 nulla·

194 1802 306 1859 tentas
323 1777 377 1859 ad
389 1778 638 1881 adlegandum
664 1808 922 1886 quamcunque
946 1788 1084 1885 emisam
1106 1784 1178 1865 ad·

196 1886 390 1962 mittatur:
406 1881 482 1983 sel
502 1878 558 1958 ad
572 1884 836 1984 monasterium
854 1883 978 1963 redire
1003 1910 1176 1993 cogatur,

197 2006 236 2065 ct
267 2008 449 2088 tanquam
474 1988 652 2087 apastnta
675 1985 891 2081 puniatur,
919 1988 1070 2071 interim
1096 2018 1177 2073 uero

197 2085 299 2167 nullo
315 2084 618 2195 priuilegiaficae
632 2090 826 2193 religionis
845 2089 1013 2173 iuuetur.

165 2330 172 2339 ,
199 2290 292 2361 Susa.
314 2292 423 2365 XXV.
442 2314 508 2381 cap.
527 2315 577 2377 19.
595 2292 628 2359 de
647 2293 739 2377 regul.

508 2534 544 2631 §-
594 2534 864 2614 nnxxxvn.

199 2740 274 2825 Ex
291 2736 386 2832 iusta
406 2752 536 2811 tamen
553 2741 665 2835 causta
683 2757 818 2816 cantra
830 2738 981 2845 lapsum
998 2741 1080 2847 quin
1104 2770 1192 2849 uen-

277 2837 331 2917 nii
348 2839 388 2914 in
403 2837 588 2939 integrunt
603 2840 789 2938 restitutio
811 2844 967 2925 concedi
982 2864 1070 2950 pate
1098 2906 1108 2925 .

287 3044 389 3148 Ergo
409 3048 462 3143 1.)
490 3042 646 3124 nullitas
664 3048 903 3145 proieffionis
922 3047 1042 3128 hodie
1058 3074 1184 3158 propo·

200 3147 244 3227 ni
260 3149 376 3226 debet
392 3146 496 3227 intra
515 3147 803 3250 quinquennium
822 3181 847 3226 a
862 3151 924 3227 die
939 3152 1184 3256 prafeffianin

200 3254 257 3339 2.)
285 3274 360 3353 quo
381 3250 506 3353 elapso
526 3247 745 3328 reclamatio
775 3282 852 3331 non
880 3251 1070 3347 auditur,
1105 3276 1185 3334 tam·

199 3349 269 3431 etfi
298 3355 553 3455 ignorantiam
577 3353 799 3449 nuditatis,
827 3376 895 3434 aut
934 3350 1183 3459 impedimenti

200 3456 286 3557 quis
313 3460 566 3558 praetendat,
602 3458 669 3533 vel
697 3480 811 3559 agere
839 3460 1050 3559 impeditus
1079 3454 1184 3537 fuerit

201 3557 381 3649 aliunde,
409 3562 475 3636 vel
494 3558 576 3637 vim
593 3580 632 3635 et
650 3582 794 3637 metum
814 3558 964 3659 semper
982 3558 1128 3639 duraiie
1140 3554 1185 3635 di·

201 3683 276 3739 cat.
307 3664 363 3758 3.)
390 3662 501 3738 Nihil
524 3659 677 3737 interest
696 3663 784 3753 hic,
810 3659 889 3738 siue
918 3658 1080 3739 nullitas
1096 3662 1180 3740 dia·

201 3780 268 3843 tur
281 3761 489 3863 prouearffe
508 3786 559 3837 ex
586 3760 848 3865 impedimento
881 3785 1093 3867 perpetuo,
1117 3758 1187 3862 flue

202 3864 448 3967 temporario.
483 3869 539 3964 4.)
568 3864 680 3943 aliter
703 3866 907 3943 dicendum
933 3866 1007 3961 est,
1032 3866 1182 4051 stifft*

206 3967 419 4057 dimentum
440 3965 633 4047 notorium
649 3967 799 4065 cesarii
816 3972 1078 4069 permaneatis
1141 3982 1185 4057 et,

212 4090 262 4148 vt
279 4072 326 4149 de
343 4098 389 4147 eo
408 4071 573 4149 dubitari
604 4098 677 4147 non
699 4068 840 4171 paffer:
867 4076 925 4169 5.)
953 4099 1024 4175 per
1051 4072 1183 4191 lapsum

214 4173 332 4251 huius
349 4172 533 4276 temporis
552 4198 626 4249 non
643 4172 838 4250 inducitur
865 4172 989 4251 tacita
1001 4170 1192 4280 praseffi02

216 4272 284 4353 fed
310 4297 457 4356 tantum
485 4276 677 4353 audientia
714 4299 887 4380 negatur.
924 4278 974 4363 6.)
1014 4278 1121 4357 Nihil
1146 4298 1193 4355 ta·

220 4404 311 4458 men
336 4380 473 4470 obstat,
500 4404 574 4483 quo
594 4379 717 4456 minus
743 4400 876 4457 eontra
901 4378 1015 4459 illum
1033 4408 1083 4460 ex
1111 4378 1194 4480 iusta

222 4483 358 4581 eausa,
384 4482 429 4560 in
457 4480 641 4585 integrum
660 4480 846 4583 restitutio
871 4496 1126 4574 concedatur,
1159 4476 1198 4565 ei

1049 4612 1162 4695 quam
