2784 5167
223 915 275 1005 ⁴8
327 905 757 987 {unuanunuunnu
777 901 1163 997 Eccuanamonn,

227 1093 288 1172 nis
321 1095 541 1173 luculenter
568 1091 738 1179 euincit;
771 1108 923 1171 namet
949 1089 1019 1170 hoo
1051 1108 1215 1171 numero

228 1196 422 1316 pastorum
440 1196 656 1278 animarum
680 1191 949 1299 comprehendi
966 1214 1076 1273 nemo
1100 1213 1217 1301 nega·

229 1323 346 1380 uerit.

222 1456 330 1537 Quum
346 1474 428 1518 vero
448 1454 631 1536 mpetlores
648 1452 807 1538 regulares
823 1444 868 1515 ob
886 1461 1004 1513 votum
1032 1458 1206 1534 pauperta-

303 1542 345 1604 tis
365 1537 419 1604 fibi
435 1553 502 1601 non
521 1537 708 1618 adquirant,
739 1535 911 1618 priuatloni
937 1529 1098 1599 fruduum
1115 1550 1135 1596 a
1158 1550 1209 1598 ca·

303 1622 445 1686 nonibus
466 1615 598 1686 statutae
617 1620 782 1686 subiacere
797 1632 973 1704 nequeunt.
1016 1614 1083 1683 nos
1099 1628 1213 1683 tamen

261 1735 264 1739 ·
304 1708 473 1789 illegitime
483 1707 631 1771 absentes
649 1721 709 1767 nec
730 1718 851 1768 areatu
867 1701 1012 1789 peccati,
1033 1702 1135 1766 multo
1153 1703 1216 1766 ml·

306 1806 365 1887 nos
391 1808 409 1853 a
434 1791 547 1871 poenis
570 1807 588 1851 a
612 1787 892 1885 constitutioniboo
917 1783 1035 1883 ordluia
1070 1776 1211 1870 religioss

301 1873 429 1940 dudutia
449 1873 603 1938 immunes
620 1868 683 1936 else
703 1886 816 1937 onnes
834 1869 929 1934 loculo
951 1865 1132 1936 admattunt.

571 2033 614 2145 §⁴
654 2040 827 2122 uxxva
1196 1980 1240 2095 0

243 2176 463 2285 Refidentia
485 2212 560 2267 non
577 2207 794 2268 curatorum
803 2181 1011 2296 praecipue
1026 2172 1183 2263 canoni·

640 2316 778 2371 corun·

306 2425 504 2512 Hastenus
529 2434 578 2513 de
595 2428 797 2513 refidentia
815 2453 1060 2512 curatorum
1083 2433 1211 2536 super·

218 2536 366 2627 suntid,
392 2536 459 2635 qui
476 2532 552 2610 fine
577 2536 789 2611 animarum
813 2559 905 2611 cura
930 2525 1127 2611 beneficiis
1141 2558 1208 2638 po·

216 2639 386 2725 liuntur,
415 2660 448 2711 e.
465 2660 498 2739 g.
517 2635 738 2712 Cnnon1c1
761 2654 835 2715 eto.
854 2632 925 2714 hos
943 2659 1038 2714 vero
1055 2639 1103 2713 ad
1119 2628 1208 2734 refi-

218 2737 384 2816 dentiam
421 2735 652 2839 personalem
687 2733 867 2843 adstringi
898 2739 1108 2818 indubitata
1140 2758 1207 2818 res

218 2841 280 2917 est
332 2836 570 2916 Beneficium
602 2838 704 2918 enim
736 2862 893 2958 propter
920 2840 1088 2920 officium
1116 2866 1209 2922 con·

220 2943 365 3029 fertum
391 2966 473 3042 cop.
478 2940 550 3037 fin.
569 2941 615 3019 de
631 2949 798 3046 rescrzpt.
818 2945 858 3020 in
872 2946 908 3023 6.
930 2945 993 3024 sed
1011 2944 1098 3021 iure
1118 2968 1209 3024 oau-

218 3066 300 3123 tum
328 3039 403 3133 est,
439 3046 592 3144 nequis
617 3048 665 3122 ad
692 3044 919 3126 beneficium
960 3046 1206 3138 adsumatur,

216 3145 287 3224 nifi
309 3169 384 3223 una
410 3141 451 3221 in
480 3170 525 3222 eo
545 3143 706 3230 refideat
723 3152 830 3246 loco,
856 3150 924 3229 vbi
935 3148 1103 3231 officium
1123 3148 1206 3228 obi·

213 3268 258 3325 ae
293 3245 413 3355 pullat.
441 3273 524 3352 cap.
544 3251 579 3328 6.
598 3243 633 3329 h.
653 3270 681 3329 t.
1041 3248 1045 3254 ’

213 3447 329 3534 Quoad
348 3445 507 3516 beneficia
527 3453 656 3537 prorsus
674 3449 825 3542 finpllcia
847 3455 1033 3520 contrariam
1051 3452 1203 3520 videmos

295 3536 575 3613 consuetudinem,
594 3555 675 3620 quae
688 3541 831 3607 excusari
849 3537 971 3623 potest,
993 3540 1066 3618 qula
1083 3536 1202 3603 horum

294 3619 460 3684 resudantia
485 3619 529 3684 est
551 3621 664 3687 saltem
689 3624 767 3689 iuria
793 3627 910 3688 eccles.
938 3620 1094 3704 fimulque
1118 3619 1201 3685 haee

292 3705 451 3787 obligatio
470 3721 573 3852 aeone
589 3721 647 3787 per
667 3708 764 3770 allum
787 3707 911 3791 impleri
937 3700 1050 3788 potest.
1093 3698 1199 3770 Aliud

293 3784 397 3865 foret,
428 3785 451 3853 fi
476 3788 641 3855 tendentia
664 3791 843 3873 requiratut
872 3809 914 3855 ex
932 3789 1111 3854 intentione
1130 3784 1199 3853 fun·

291 3869 423 3937 datoris.
466 3870 593 3935 oanan.
605 3894 637 3958 p.
653 3870 703 3936 11.
709 3871 779 3954 seo.
796 3868 864 3939 III.
886 3872 932 3935 tir.
949 3871 977 3936 1.
997 3890 1059 3954 cop.
1079 3888 1109 3949 2.

567 4047 607 4157 ς.
635 4052 833 4134 nxxvu.

465 4234 562 4321 Non
580 4233 690 4321 dehet
714 4240 783 4343 effi
808 4236 940 4347 otioslt.

186 4372 191 4381 '
283 4388 502 4484 Quodnam
521 4410 619 4464 voro
633 4381 817 4463 refidendi
835 4404 955 4491 genus
964 4375 1200 4484 requiratur·

82 4566 110 4600 „
191 4488 238 4571 asu
259 4490 380 4593 petis,
405 4491 447 4571 id
469 4491 589 4573 etiam
607 4485 864 4582 laboriosum,
891 4503 1054 4566 canones
1081 4502 1122 4562 et
1136 4482 1201 4591 sy.

1021 4589 1144 4666 nodus
