2784 5167
867 467 870 476 ι

661 656 667 671 Ι

506 866 820 952 ΡΑΗΠΙ,
1089 880 1209 988 31'

150 1048 329 1157 praesens
357 1044 441 1129 esic*
471 1050 659 1161 fingatur,
708 1077 754 1137 vt
785 1059 931 1144 fruitus
950 1057 1142 1155 'benfficii

156 1176 230 1234 tuta
258 1152 498 1239 conscientia
523 1159 724 1267 percipere
744 1185 869 1265 queas

148 1360 175 1425 C.
193 1379 296 1437 14et
315 1383 362 1445 15·
377 1361 403 1426 i.
420 1377 442 1425 t.
458 1378 486 1426 et
504 1385 531 1430 c.
549 1383 593 1426 en.
611 1365 673 1433 eod.
690 1370 720 1432 in
737 1373 767 1436 6.
786 1373 963 1441 rionis.
983 1373 1025 1439 od
1046 1399 1070 1441 e.
1101 1377 1137 1445 ii.

227 1463 279 1511 cer
296 1466 346 1511 ar.
365 1471 392 1512 n.
409 1462 460 1526 23.
477 1445 511 1510 de
522 1447 621 1536 praeb.

535 1683 574 1788 S.
630 1693 764 1771 XLIX.

145 1845 218 1927 Ad
232 1879 315 1931 eam
334 1852 550 1960 obligantur
565 1885 692 2040 obrnnes
706 1887 833 1939 emam
847 1857 1058 1937 animarum
1074 1851 1137 1935 lta·

605 1982 719 2041 enses.

247 2131 360 2209 Ratio
379 2156 417 2213 et
433 2135 610 2216 reuelatio
625 2139 779 2216 clamant
797 2133 957 2215 ciericos
986 2155 1140 2229 omnes,

158 2251 260 2341 qnos
289 2230 433 2332 ecesefio
458 2241 582 2341 gregis
606 2235 781 2318 dominici
805 2238 981 2340 pastores
1004 2233 1135 2351 consti-

162 2347 268 2423 tuat,
302 2361 460 2440 curaque
479 2342 684 2418 animarum
709 2359 861 2432 onerat,
886 2339 990 2414 nulla
1020 2359 1137 2415 ratro-

161 2453 213 2506 ne
234 2430 365 2516 habita
391 2441 602 2546 dignitatis,
629 2445 839 2523 nominiiue
868 2438 1049 2517 nimirum
1077 2460 1139 2540 pa·
1225 2470 1227 2477 ·

157 2533 360 2638 triarchas,
382 2548 580 2646 primates,
602 2548 733 2626 archie
761 2548 920 2649 iscopos,
941 2538 1143 2644 episcopos

157 2633 332 2732 abbates,
369 2647 545 2751 priores,
589 2575 833 2754 praepoiitoS.
876 2644 1057 2748 parochos
1089 2641 1139 2761 psl

159 2739 390 2841 personalem
411 2748 648 2833 residentiam
676 2755 720 2831 vi
740 2749 856 2832 officii
884 2746 957 2826 esse
988 2748 1139 2828 obstric-

158 2860 241 2958 tos,
269 2868 385 2949 quum
402 2851 525 2958 pastor
549 2855 655 2961 gregi
671 2857 737 2935 suo
755 2882 833 2935 non
851 2851 1022 2930 censetur
1039 2847 1140 2927 inui-

156 2944 296 3048 8112102
322 2953 386 3054 qui
407 2956 660 3059 personaliter
677 2960 723 3038 ab
743 2984 790 3038 eo
804 2953 937 3037 absens
954 2951 1047 3048 alii,
1073 2949 1140 3030 seu

157 3055 397 3135 mercenario
415 3059 501 3156 eius
522 3060 726 3144 custodiam
743 3058 957 3144 committit

156 3252 239 3320 Inde
256 3255 310 3335 esi,
327 3263 417 3342 quod
435 3269 587 3341 concilia,
611 3267 799 3354 pontifices,
823 3282 856 3334 et
875 3264 933 3330 SS.
949 3273 1056 3343 patres
1076 3259 1139 3322 cle·

239 3343 321 3405 ricos
347 3364 416 3410 vno
444 3368 502 3413 ore
523 3350 563 3414 ad
585 3352 779 3417 residentiam
806 3353 975 3417 hortentur
1001 3360 1136 3427 eamque

240 3438 386 3492 nontam
404 3437 617 3514 praecipiant,
638 3454 730 3519 quam
756 3441 813 3500 iam
838 3432 966 3508 aliunde
985 3444 1139 3515 praecep·
1213 3444 1221 3462 ⁴

243 3511 633 3599 tamsupponant.Tn1n.
648 3518 714 3606 feff.
737 3520 848 3586 XXII.
868 3541 938 3579 c.1.

589 3717 627 3822 ς.
655 3721 701 3798 t.

247 3919 362 4018 Quae
373 3924 412 4004 in
430 3923 586 4006 exordio
605 3923 771 4025 eccsefiae
793 3950 868 4004 non
876 3925 1054 4022 sauata.

246 4090 435 4197 Equidem
453 4102 540 4180 inde
557 4094 678 4175 statim
695 4098 742 4177 ab
760 4093 926 4173 exordio
940 4092 1009 4171 suo
1027 4087 1143 4209 eccle

154 4203 232 4284 siae
254 4200 353 4282 ratio
373 4235 445 4287 non
474 4202 639 4295 sinebat,
667 4221 712 4278 vt
727 4197 890 4302 pastores
910 4195 1078 4277 stabilem
1101 4218 1144 4272 tn
1238 4271 1241 4283 ,

155 4303 323 4411 angustis
342 4305 408 4389 sibi
432 4311 557 4388 sedem
580 4302 764 4411 figerent:
801 4302 981 4407 quamdiu
1007 4299 1142 4379 videli-

154 4431 220 4488 cet
239 4404 362 4492 messis
379 4434 462 4494 erat
478 4405 618 4504 musta,
643 4405 811 4519 operarii
827 4428 957 4490 autem
976 4402 1103 4514 pauci.

1024 4558 1090 4636 Ex
