2784 5167
193 886 269 973 472
292 868 698 946 ommium
718 860 1134 966 Eecnnsusncn,

194 1055 272 1121 Hoc
296 1053 406 1120 modo·
421 1054 494 1121 lecte
521 1051 663 1117 hebraea
690 1049 794 1131 mariti
826 1067 988 1132 vitorum,
1012 1066 1131 1139 patres
1161 1054 1196 1125 Ii·

277 1140 446 1213 berorum.
470 1139 524 1221 qui
541 1138 582 1199 sui
607 1139 682 1200 iuris
708 1130 856 1197 nondum
873 1134 986 1213 emt,
1005 1156 1096 1204 vora
1117 1144 1197 1209 iura-

277 1234 312 1288 ta
331 1222 469 1289 irritandi
495 1223 541 1285 ius
557 1218 723 1283 habebant
740 1215 896 1281 anun.
920 1238 984 1305 cap.
1005 1220 1119 1293 XXX.
1146 1244 1195 1301 ¹4·

281 1308 312 1371 C.
332 1302 478 1370 XXXII.
495 1301 591 1386 q.11.
608 1327 634 1366 c.
651 1322 681 1376 4·
699 1318 726 1362 et
755 1318 801 1363 [ο.
823 1298 858 1363 de
874 1320 983 1367 remon.
1006 1306 1190 1381 Quomodo

279 1398 386 1452 autem
403 1388 464 1452 viri
478 1404 591 1471 praeter
607 1405 733 1449 vxorum
749 1382 886 1462 adsensun
926 1386 1142 1469 regrtitaeionis
1160 1390 1193 1451 in

271 1470 422 1553 fidulidium
453 1487 546 1533 terrae
556 1469 668 1551 sanciae
696 1466 875 1553 propqfitum
909 1469 915 1481 '
962 1491 979 1530 e
1007 1492 1136 1547 nouere,
1160 1486 1195 1536 et.

259 1596 262 1601 ·
300 1554 356 1618 uod
379 1556 529 1625 vonerint,
557 1552 730 1637 adimplere,
758 1550 920 1618 voluerint
940 1562 980 1615 vt
1011 1551 1188 1621 deciditur

281 1660 311 1701 ιιι
328 1657 387 1721 cap.
405 1660 443 1701 ex
461 1638 547 1700 multa
564 1658 593 1715 9.
611 1642 644 1708 5.
663 1633 692 1697 in
715 1648 796 1697 tanta
823 1631 854 1696 Ιι.
886 1651 905 1699 t.
944 1634 1068 1699 illorum
1105 1648 1189 1705 tem·

280 1739 398 1809 porum
414 1719 636 1808 philosophiae
653 1714 910 1786 condonandum
928 1721 998 1786 erit

531 1954 572 2059 S.
596 1957 809 2036 DCXXIII.

412 2163 464 2262 ο.)
493 2158 559 2238 Ob
579 2158 756 2257 desec'lum
783 2160 983 2240 materiai.

288 2330 462 2412 soluitur
472 2356 624 2511 ¹quoque
637 2330 714 2408 obli
742 2333 821 2411 atio
841 2332 931 2412 voti
951 2329 1045 2411 obd
1081 2336 1199 2415 etium

204 2435 404 2523 materiae,
429 2433 457 2513 s1
490 2455 573 2512 orte
598 2453 755 2513 mutatis
783 2432 1087 2515 circumstantia
1114 2456 1201 2531 res,

204 2542 274 2618 vel
300 2537 398 2617 aoio
421 2534 593 2641 promissa
615 2540 751 2618 euadat
777 2535 962 2642 phyfice,
987 2542 1054 2617 vel
1078 2564 1202 2619 mora·

204 2642 299 2721 liter
317 2640 471 2719 omnino
488 2630 745 2738 impossibilis,
766 2659 833 2720 aut
851 2638 996 2725 definat
1011 2642 1113 2721 ratio
1134 2642 1199 2719 bo-

205 2743 248 2819 ni
266 2741 444 2832 maioris,
470 2739 606 2818 incidit
628 2739 730 2818 enim
746 2741 787 2819 in
803 2741 958 2838 casum,
982 2766 1002 2819 a
1043 2769 1090 2821 uo
1117 2762 1193 2819 non

205 2863 359 2949 poterat
380 2842 550 2945 incipere
574 2840 598 2917 l.
622 2862 704 2933 140.
720 2841 757 2944 §.
783 2871 817 2923 2.
837 2843 914 2946 dig.
934 2844 981 2923 de
1037 2842 1116 2923 .O.
1136 2842 1193 2923 di-

205 2946 310 3025 citur
327 2945 480 3047 quidem
499 2946 538 3020 in
556 2971 587 3021 c.
608 2957 640 3034 8.
658 2939 693 3022 h.
714 2964 741 3021 t.
768 2949 884 3027 etiam
906 2948 951 3024 in
971 2946 1060 3027 casu
1085 2947 1199 3049 impe·

207 3047 367 3126 dimenti
389 3047 568 3150 perpetui
592 3068 727 3126 votum
753 3076 828 3126 non
848 3046 1017 3145 cessare,
1052 3049 1114 3129 sed
1143 3072 1198 3127 re

206 3150 449 3243 diffindam,
478 3151 545 3226 vel
573 3153 876 3228 commutandum
895 3149 992 3245 eise,
1024 3154 1194 3231 adtamen

206 3252 282 3331 hoc
303 3280 380 3331 non
398 3252 690 3342 Vniuersaliter‚
718 3252 781 3331 sed
807 3255 854 3328 de
879 3275 976 3333 voto
998 3254 1123 3333 mixto
1143 3248 1192 3326 io·

207 3354 334 3459 telligi
346 3354 465 3464 potest
474 3411 487 3452 ‚
499 3376 544 3434 vt
553 3380 605 3434 ex
615 3353 701 3433 casu
711 3351 774 3432 cit.
786 3379 869 3458 cap.
885 3376 1025 3461 aperte
1047 3352 1188 3438 constat·

470 3676 478 3689 ‘
568 3641 608 3745 §.
634 3644 843 3720 Dcxxlv.

322 3852 378 3951 3.)
404 3844 575 3948 Cessante
598 3842 832 3947 causafinali
854 3846 1089 3952 adaequata,

296 4038 550 4143 Extinguitur
567 4040 683 4119 etiam
701 4060 840 4121 votum
852 4041 1012 4143 ceffante
1030 4031 1179 4142 causa}

209 4138 288 4219 nali
305 4142 544 4245 adaequata,
571 4166 728 4249 propter
745 4170 860 4250 quam
875 4147 971 4225 illud
993 4147 1047 4225 est
1063 4162 1182 4221 nunco

209 4266 340 4344 patum
362 4275 395 4324 c.
424 4247 484 4322 60.
515 4240 560 4323 de
585 4244 763 4352 adpellat.
783 4250 903 4356 igitur
928 4274 1006 4329 non
1030 4250 1142 4328 obstat
1159 4268 1185 4319 c.

210 4366 247 4444 7.
272 4344 307 4421 i.
334 4369 362 4426 t.
393 4347 482 4452 quia
506 4347 560 4429 ibi
588 4351 712 4429 cauffa
738 4372 885 4431 tantum
910 4350 1128 4435 secundaria
1156 4362 1190 4423 ot

210 4449 403 4553 partialis,
442 4476 521 4531 non
551 4476 682 4537 autem
706 4456 858 4551 totalis,
901 4482 942 4539 et
973 4450 1191 4637 prinmAEaliu

1038 4582 1083 4639 ce
1133 4601 1148 4617 ·
