2784 5167
474 538 479 555 ⁴
614 542 616 547 .

593 572 600 589 1

268 892 322 1013 '54
345 906 767 982 1vrnrnvnrnr1rn
795 905 1195 1007 Mansuevere,
1286 932 1288 937 ’

269 1099 378 1176 nrunt
399 1091 677 1194 conferantur,
712 1109 750 1167 et
780 1121 833 1184 ex,
857 1093 933 1176 illis
944 1093 1107 1199 flagelio
1129 1094 1265 1179 diebus

268 1195 522 1279 dernnrinata
543 1190 678 1296 portio
696 1192 846 1274 cuilibet
871 1201 1084 1290 canonico,
1116 1200 1182 1303 qui
1205 1197 1281 1301 di·-¹

270 1301 372 1383 uinir
392 1295 564 1395 interest,
581 1291 785 1398 pendatur.
845 1302 907 1381 De
932 1303 993 1382 his
1014 1303 1268 1406 portionibus,
1317 1364 1321 1381 .

269 1400 1269 1516 iicanoniceloqrramur,intelliginondebent,quae

270 1514 318 1592 de
338 1503 664 1586 distributionibus
683 1506 918 1605 quotidianis
936 1510 1018 1588 fere
1039 1510 1181 1589 talious
1203 1535 1269 1590 ca·

270 1635 391 1694 nones
416 1608 585 1687 statuunt
608 1660 620 1697 ‚
655 1629 746 1686 cum
774 1610 816 1688 in
839 1613 901 1692 his
922 1608 1088 1694 ecclesiis
1107 1616 1204 1692 tales
1222 1614 1270 1694 in
1306 1670 1315 1687 .-

207 1792 211 1800 ,
240 1806 244 1815 ¹
272 1714 439 1821 fingulos
464 1710 545 1788 dies
564 1708 787 1790 distributae
806 1715 1001 1817 portiones
1025 1719 1268 1820 praebendae
1317 1720 1319 1813 ζ

180 1837 183 1847 ’
272 1823 402 1928 potius
425 1815 616 1893 rationem
640 1814 806 1897 habeant
829 1823 914 1921 (ne
932 1820 1093 1901 canonia
1115 1818 1161 1900 fit
1189 1818 1271 1898 fine
1313 1872 1319 1889 .

274 1920 523 2028 praebenda)
548 1939 659 2018 quam
688 1915 995 2002 distributionum
1013 1949 1109 2004 vere
1131 1925 1272 2004 talium

276 2052 300 2106 a
317 2024 533 2133 praebenda
552 2019 820 2104 distintitrum.

278 2210 522 2281 Distineionem
546 2206 776 2297 interimetur
807 2211 928 2298 grossos
953 2213 1132 2291 beneficii,
1173 2222 1210 2278 et
1228 2212 1276 2278 dl·

257 2312 260 2318 ·
362 2297 566 2364 stributiones
580 2297 779 2378 quotidianas
798 2320 878 2364 vere
895 2301 978 2366 tales
998 2317 1062 2363 non
1077 2296 1137 2360 effe
1148 2298 1276 2360 inanem

292 2418 295 2423 ·
360 2382 421 2447 vel
439 2401 481 2445 ex
500 2400 541 2445 eo
558 2392 669 2467 patet,
691 2381 780 2463 'quod
795 2384 888 2448 alicui
908 2404 951 2448 ex
966 2381 1276 2449 iustacnusanbsenti

360 2476 551 2552 competere
580 2464 672 2547 poffit
694 2465 744 2527 ius
767 2465 909 2531 lucrandi
930 2465 1051 2533 fruetus
1076 2463 1200 2547 groffos
1229 2468 1274 2530 nri

360 2549 532 2624 beneficii,
551 2549 627 2629 quin
646 2545 880 2612 distributiones
901 2553 1103 2646 quotidianae
1124 2551 1278 2635 percipe-

243 2726 246 2731 ·
366 2653 403 2779 :5
424 2643 534 2775 tet:
557 2625 857 2795 {lllt'zizsflf
873 2633 1277 2801 anatolem-nte

361 2798 419 2873 dit,
462 2798 632 2882 quinquis
653 2798 972 2880 pnueturfrueinus
1005 2802 1183 2876 beneficii,
1220 2800 1278 2866 rel

364 2892 456 2945 certe
473 2882 537 2945 illis
563 2900 626 2945 non
646 2883 799 2965 gaudeat,
828 2889 880 2952 cui
898 2895 1003 2950 tamen
1022 2888 1198 2968 perceptio
1231 2885 1279 2951 di·

285 3010 288 3018 ·
365 2963 585 3032 stributionum
601 2965 858 3052 quotidianarum
884 2988 950 3035 non
968 2974 1151 3058 denegatur.

625 3190 920 3295 §.Lxxxvn.

288 3399 399 3498 Quas
416 3393 563 3498 ecelesia
580 3427 662 3476 eum
687 3401 727 3477 in
732 3398 852 3500 finem
873 3402 1080 3503 praecipue
1103 3394 1280 3491 instituit.

379 3583 489 3666 Finis
526 3586 705 3667 ecclesiae
744 3586 963 3666 instituendi
998 3582 1283 3682 distributiones

286 3689 532 3796 quotidianas
550 3692 710 3793 proprie
726 3688 822 3768 tales
844 3693 884 3769 in
902 3684 1068 3769 eeclesiis
1082 3689 1281 3767 cathedra·

284 3794 386 3873 libus
405 3814 444 3871 et
459 3792 672 3895 collegiatis
689 3794 789 3872 alius
806 3821 880 3874 non
897 3793 993 3883 fnit,
1022 3818 1136 3896 quam
1155 3811 1205 3870 vt
1221 3816 1284 3869 ca·

286 3896 504 3976 monitorum
527 3895 568 3973 in
590 3896 851 3998 persoluendis
870 3895 1004 3974 officiis
1022 3894 1281 4014 negligentia,

284 4024 325 4081 et
351 4022 461 4107 tepor
479 4024 611 4078 earum
629 4000 844 4104 priuatione
863 3998 1105 4091 nndtarrtnr,
1133 3995 1283 4100 ipsique

285 4106 358 4184 hac
390 4106 534 4184 multae
565 4104 859 4184 comminatione
887 4105 937 4180 ad
967 4102 1284 4204 diligentiorem,

210 4238 213 4243 ·
285 4229 325 4287 et
347 4206 649 4316 frequentiorem
679 4209 801 4286 diuini
825 4205 945 4286 officii
977 4205 1283 4308 persolutionem

287 4310 531 4405 excitentur,
557 4334 597 4391 et
612 4311 700 4391 ideo
720 4316 896 4390 Cenem.
913 4306 1130 4406 ano.feffi
1155 4303 1283 4387 XXI.

287 4438 334 4491 ra
364 4439 418 4501 ·3·
429 4417 555 4493 statuit
565 4416 604 4490 in
619 4414 775 4510 ecclefiis
783 4435 864 4490 tam
876 4407 1154 4491 cathedralibus
1164 4435 1283 4512 quam

288 4437 519 4622 collegiatis,
546 4517 587 4596 in
606 4515 981 4622 quilur‘nullaefitnt
999 4508 1286 4612 myoibnionee

1146 4642 1235 4720 quo·
