2784 5167
205 854 279 962 176
304 855 717 931 lvmasavonttms
736 842 1148 937 Eccumasncaa,

562 1047 603 1155 ς.
631 1053 834 1132 οοκιικ.

260 1288 262 1291 ·
304 1254 420 1339 Nudi
424 1259 522 1361 sunt
540 1255 870 1357 administratores
898 1254 1099 1336 bonorum.

291 1432 500 1541 Disputent
518 1428 610 1524 alii,
636 1453 732 1533 quos
750 1428 916 1538 singulos
935 1431 1013 1510 suis
1033 1425 1206 1512 senfibm

195 1540 399 1616 abundare
427 1535 545 1615 facile
573 1535 844 1638 permittimus.
901 1539 982 1614 Nos
1015 1535 1197 1644 principii

201 1642 291 1720 loco
305 1641 540 1721 adsumimus
557 1635 743 1747 insignem
762 1644 871 1723 illam
885 1640 991 1719 inter
1006 1640 1191 1740 abbatias}

200 1742 504 1849 praeposituras,
529 1746 779 1844 monatleria,
812 1742 1035 1848 similesque
1063 1744 1211 1842 sun&

200 1847 516 1942 tiones,etfinter
533 1848 775 1951 episcopatus
797 1843 1206 2032 Gbnmnnmsffi

200 1953 380 2031 rentiam.
436 1956 480 2031 ln
506 1952 584 2034 illis
601 1953 788 2036 antistites
804 1951 951 2033 nonnifi
975 1946 1069 2028 nudi

200 2079 285 2134 rum
302 2059 349 2136 ad
363 2075 489 2136 totum
515 2082 654 2162 corpus
675 2058 914 2139 fundationis
944 2055 1187 2170 spatiantia*
1210 2151 1213 2156 .

195 2157 530 2259 administratores
552 2161 658 2255 sunt,
685 2163 824 2243 horum
858 2164 977 2256 bona,
1005 2158 1188 2267 atque'it·

202 2286 286 2343 raa
307 2263 435 2352 bonis.
463 2286 502 2346 et
520 2265 671 2346 iuribus
688 2268 948 2373 capitulorum
969 2263 1125 2367 prorsus
1143 2257 1187 2342 ss·

200 2388 340 2475 parata
365 2367 440 2450 elle
459 2370 672 2452 statuimus.
727 2379 768 2449 ln
796 2372 911 2475 primi
934 2368 1090 2478 generis
1115 2365 1187 2446 fun'·

202 2470 421 2555 dationibus
459 2499 553 2582 ergo
591 2499 730 2552 verum
758 2478 836 2565 est,
865 2474 984 2579 ‘quod
1021 2465 1187 2550 defundi

201 2578 380 2683 praelato
396 2576 922 2683 administratioregulariter
937 2578 987 2656 ad
1005 2573 1187 2680 reliquui

203 2703 347 2782 corpus
372 2704 424 2757 ex
451 2682 539 2761 iure
567 2684 732 2784 quodam
757 2681 1004 2761 adcrescendi
1028 2678 1185 2772 recidat,

198 2783 343 2884 quippe
366 2782 570 2866 constituto
600 2784 933 2873 administratore,
970 2783 1037 2862 seu
1063 2779 1141 2862 ant‘

202 2905 244 2965 te
262 2887 477 2967 dominium
493 2891 666 2969 radicale
681 2889 756 2970 toti
773 2890 903 2971 coetui
922 2880 1187 2990 competensib

202 2986 312 3068 saluo
343 2991 569 3097 permansit:
611 2993 719 3073 secus
748 2994 869 3073 estin
899 2989 1189 3099 episcopatibus}

196 3090 341 3192 -hisqne
363 3097 467 3175 haud
485 3095 710 3176 absimilibus
730 3100 954 3199 quibusdam
973 3087 1192 3199 praelaturi!

123 3287 125 3302 Ι
205 3196 453 3279 Germaniae.
469 3205 663 3282 -Ceterum
680 3225 753 3282 nec
771 3203 1011 3281 diuersorum
1025 3195 1190 3275 ordinum

203 3297 401 3396 instituta,
430 3329 503 3384 nec
523 3306 620 3385 iuris
642 3330 720 3384 non
748 3305 823 3386 scri
851 3306 883 3383 ti
910 3301 1192 3389 auoioritattm

203 3405 367 3521 pranin,
394 3426 434 3485 et
456 3407 740 3491 obseruantiam
757 3332 1023 3520 negiigendam
1040 3405 1109 3488 hic
1127 3397 1193 3484 eds

204 3504 325 3587 sacile
351 3530 472 3618 patet
1178 3541 1181 3545 ·

618 3735 660 3841 ς.
687 3737 793 3815 cen.

396 3915 493 3998 Iura
510 3920 766 4027 capitulorum
774 3915 869 4027 sede
880 3915 1011 4028 plena.

292 4070 489 4158 Absolutis
507 4074 705 4172 omnibus,
769 4081 844 4160 'uae
875 4073 921 4169 de
940 4070 1094 4152 iuribus
1116 4067 1199 4150 fest

205 4201 372 4261 natante
404 4176 644 4262 discutienda
669 4182 715 4263 su
768 4181 892 4271 umus.
934 4181 1059 4260 altera
1091 4172 1213 4268 r&

204 4282 377 4385 promisit
402 4274 549 4365 ordinis
572 4311 682 4390 pars,
717 4310 818 4391 quae
842 4284 1099 4396 capitulorum
1120 4276 1213 4358 in

194 4380 289 4489 sede
310 4414 385 4467 non
402 4407 564 4469 vacante
580 4392 789 4477 examinet.

956 4571 997 4682 p.
1024 4570 1151 4654 cett
