2784 5167
222 843 300 947 638
324 840 736 917 Ivnrsrnvuaurraa
758 806 1158 937 sic'cnusrnsrrcnn,¹
1241 924 1252 977 ,Ι

520 1025 556 1121 §.
610 1018 923 1099 DCCCLXXVI.

221 1168 339 1319 ,Μ
353 1229 494 1338 r’ecepti
511 1254 586 1336 per
605 1184 857 1331 magistratu-i
875 1228 1040 1310 extrahi
1059 1176 1206 1339 preeunt.

314 1444 437 1523 Porro
457 1434 606 1543 recepti
629 1460 700 1537 per
716 1432 953 1540 magistratus
981 1435 1224 1520 violenteas

226 1570 371 1653 poenae
389 1539 661 1621 executionem
679 1534 839 1617 extrahi
859 1562 931 1613 non
950 1536 1124 1639 possunt.
1180 1554 1225 1623 At

226 1649 321 1754 quia
353 1645 526 1750 respeciu
563 1667 726 1734 eorum,
761 1638 828 1742 qui
866 1637 1039 1719 criminis
1069 1642 1227 1749 excepti

228 1750 287 1828 rei
302 1750 409 1840 sunt,
433 1751 522 1827 loca
536 1742 792 1823 immunitatis
812 1741 907 1821 talia
927 1741 1003 1821 esse
1021 1742 1193 1829 deiinunt
1211 1773 1226 1837 3

227 1878 301 1931 nec
326 1848 501 1944 ecclesia,
540 1850 624 1925 nec'
640 1848 746 1941 locus
772 1842 875 1923 aliua
903 1844 1090 1925 immunis
1116 1874 1224 1927 reum

228 1952 417 2032 eiusmodi
436 1948 627 2041 criminis,
656 1966 839 2051 apoena,
868 1966 937 2026 aut
960 1949 1226 2054 prosecutione

176 2124 183 2145 ,
228 2055 390 2143 iudicio,
417 2054 483 2154 qui
531 2045 671 2127 ladrum
689 2068 828 2155 portat
848 2045 906 2125 ad
920 2049 1126 2129 vindiciam
1150 2081 1224 2130 ma·

230 2154 468 2256 sefaciorunz,
496 2076 643 2231 sirudem
667 2178 755 2230 vero
780 2148 969 2230 bonorum
981 2209 995 2252 ,
1031 2157 1220 2236 vllatenus

229 2279 358 2337 tutum
382 2259 541 2334 reddere
569 2254 724 2335 valebit.
787 2254 840 2333 Et
866 2256 959 2359 quia
985 2256 1221 2364 magiſtratus

231 2356 320 2444 iure
340 2360 493 2465 proprio
513 2356 721 2436 criminum
738 2376 825 2433 reos
848 2357 1147 2461 persequuntur,
1173 2360 1217 2435 li-

231 2464 363 2549 centia
382 2460 571 2566 episcopi,
599 2482 644 2537 vt
669 2460 857 2537 eiusmodi
882 2463 1044 2568 confuga
1069 2460 1215 2541 extrahi

231 2564 364 2677 p'ossit,
385 2590 460 2642 non
476 2562 597 2642 silum
625 2560 676 2639 est
700 2560 918 2665 superflua,
940 2564 1002 2644 sed
1024 2564 1132 2643 etiam
1145 2560 1213 2643 fini

232 2668 497 2773 consequendo
516 2664 717 2747 contraria.

232 2890 355 2964 Nouell.
376 2902 492 2969 XVII.
511 2925 574 2990 cap.
588 2920 620 2984 ¹7.
639 2923 696 2967 cun·
715 2912 744 2970 6.
762 2905 880 2973 XVII.
898 2934 927 2997 q.
948 2910 969 2976 I
973 2915 1007 2975 V.
1017 2929 1072 2994 rip.
1089 2909 1117 2966 ⁶.
1134 2897 1197 2993 suf.

312 2986 534 3151 ffazvalpinlvv.
550 2988 568 3049 I.
592 3011 617 3048 c.
636 3011 662 3051 n.
680 3006 730 3072 34.
748 3009 799 3069 35.
825 2994 917 3060 Vn(
939 2998 1050 3060 Esm
1073 2990 1124 3053 [or.
1150 2999 1199 3057 cu.

499 3269 539 3373 S.
592 3276 917 3355 DCCCLXXVII.

367 3473 456 3575 Nist
470 3474 553 3581 quis
572 3478 719 3577 reusstr
736 3482 888 3585 excepti
905 3481 1085 3558 criminis.

314 3676 430 3758 Prius
450 3700 577 3760 tamen
594 3683 762 3764 constare
779 3685 894 3765 debet
910 3686 1037 3765 iudici
1056 3682 1209 3769 crimen,

226 3782 275 3859 de
294 3804 367 3884 quo
384 3782 540 3884 agitur,
568 3785 642 3864 esse
668 3807 891 3890 exceptum,
929 3791 1040 3867 cuius
1069 3785 1208 3893 quidem

197 3908 303 3962 ‘non
322 3886 431 3986 plena
449 3886 661 3990 requiritur
680 3892 882 3992 probatio,
918 3890 990 3969 sed
1016 3891 1138 3993 qualis
1169 3903 1211 3962 ex

224 3986 558 4067 informationibus
593 3993 891 4096 praeparatoriis
943 3994 1083 4073 haberi
1121 3990 1206 4068 soler.
1260 3984 1261 4003 ¹

226 4089 393 4185 Verum,
419 4093 565 4195 quiret
586 4095 659 4172 hoc
684 4093 805 4195 ipsum
825 4095 938 4198 saepe
966 4098 1123 4175 dubium
1141 4086 1207 4172 est,
1258 4022 1262 4197 i

224 4211 267 4302 et
287 4219 392 4271 mora
409 4197 642 4274 occnionem
666 4197 887 4302 aufugiendi
905 4204 1095 4298 praebere
1110 4193 1211 4278 solet,
1260 4204 1262 4217 '

222 4292 265 4364 1d
280 4315 477 4396 receptum
500 4298 538 4374 in
557 4300 690 4376 multis
708 4302 806 4380 locis
823 4298 897 4391 est,
926 4321 969 4380 et
995 4301 1116 4382 saltim
1133 4292 1209 4370 vbi·

223 4413 300 4495 que
315 4399 579 4502 recipiendum
599 4399 710 4501 elset,
737 4403 999 4489 vrexuattio
1028 4398 1212 4487 auctorita·

1138 4528 1174 4583 tc
