2784 5167
412 912 417 925 ,
541 834 848 921 Panalll.
1060 739 1191 944 =1605

194 1084 213 1107 .,.
328 1029 354 1095 ii
372 1025 487 1095 romoni
504 1028 663 1113 progatio,
715 1048 766 1091 nae
790 1026 890 1115 piures
912 1023 1133 1106 donatistarum,
1154 1042 1190 1097 ae

278 1118 403 1181 altorum
423 1108 625 1178 haereticorum
636 1050 735 1195 feliis
752 1130 894 1193 martyres
909 1109 1011 1174 merito
1028 1109 1192 1196 expunxit:

275 1212 315 1264 -et
330 1197 443 1283 paucis
463 1196 831 1279 interiotiisinbiungin
853 1193 966 1259 eandem
986 1196 1038 1280 effi
1056 1195 1194 1259 rationem

274 1281 314 1345 de
333 1280 486 1359 insertione
501 1280 531 1343 in
546 1302 689 1345 romonmn
704 1280 888 1344 breuiarium.

497 1464 530 1560 §-
573 1464 846 1545 ncccxxm.

380 1644 463 1729 Sed
475 1647 559 1755 ipsit
581 1648 697 1727 etiam
717 1622 1016 1752 canonizatione

196 1912 205 1923 ,
286 1834 380 1941 §ola
398 1835 558 1939 proinde
576 1837 741 1938 quaestio
761 1835 930 1945 superest
953 1833 1001 1916 de
1016 1836 1197 1918 relatione

154 1936 176 2011 J
194 1936 364 2021 alicuius
380 1938 420 2017 in
438 1965 627 2017 numerum
633 1941 875 2041 sauciorum,
889 1966 1002 2047 vquae
1021 1968 1126 2021 more
1145 1945 1198 2022 lo·

201 2039 356 2148 quendi.
372 2042 560 2122 hodierno
578 2046 826 2144 ‚canonizatio
847 2047 1008 2138 dicitur,
1042 2069 1116 2147 qua
1144 2045 1199 2123 ni·

202 2144 346 2223 mirum
370 2147 529 2250 praeuio
554 2143 701 2224 solenni
729 2148 877 2229 rituum
908 2171 948 2228 et
974 2149 1199 2231 cerimonia·

203 2272 291 2329 rum
310 2250 492 2354 adparatu
512 2272 702 2327 aromano
745 2248 920 2336 ontifice.
945 2253 1013 2329 vel
1032 2234 1201 2330 concilio

206 2346 409 2457 quisquam
436 2352 614 2454 catalogo
636 2352 701 2430 san
741 2379 850 2430 orum
876 2350 1133 2439 adscribitur,
1161 2373 1202 2433 et

203 2472 253 2531 vt
275 2450 365 2533 talis
400 2455 473 2532 toti
502 2451 681 2533 ecclefiae
706 2458 888 2536 colendus
920 2456 1201 2560 praeponitur,

205 2555 453 2635 vtruminde
473 2558 621 2636 oriatur
650 2557 918 2639 indubitatum
931 2577 971 2638 et
993 2557 1201 2637 infallibilia

205 2652 415 2738 sanciitatis
432 2663 740 2765 argumentum?
774 2660 926 2740 Constat
950 2661 1128 2762 inprimis
1154 2658 1202 2738 de

195 2756 284 2862 fide
299 2790 375 2839 non
394 2762 462 2862 ff
483 2791 639 2867 papam,
662 2764 780 2843 immo
801 2785 841 2844 et
856 2766 1070 2845 concilium
1089 2788 1202 2871 gene·

208 2866 293 2941 nale
310 2864 349 2941 in
368 2865 590 2943 huiusmodi
610 2865 910 2948 canonizationis
931 2868 1086 2973 negotio
1102 2892 1225 2945 erra··

182 3054 188 3069 ¹
209 2988 257 3043 re
276 2991 352 3042 non
373 2967 484 3071 poffe.
539 2973 629 3046 Inde
645 2972 762 3051 etiam
787 2971 859 3066 est,
885 2973 986 3074 quod
1010 2970 1205 3074 theologi,

210 3088 254 3146 et
269 3069 368 3149 iuris
388 3073 486 3150 sacri
507 3071 741 3177 interpretes
761 3100 835 3151 non
862 3075 976 3178 pauci
992 3073 1123 3179 magni
1139 3100 1204 3151 no·

211 3168 347 3265 mimia,
375 3170 682 3274 infallibilitatem
703 3172 871 3271 ecelefiae
895 3175 935 3256 in
956 3177 1030 3253 hoc
1049 3175 1207 3280 negotio

161 3350 164 3361 ,
211 3298 290 3351 non
309 3298 460 3356 tantum
478 3279 519 3357 in
539 3277 696 3355 dubium
718 3279 895 3369 trahant,
921 3276 984 3356 sed
1012 3272 1089 3354 stne
1109 3274 1207 3353 diffi-

211 3380 428 3460 mulatione
447 3384 604 3460 eandem
622 3372 773 3484 quoique
789 3402 940 3485 negent.
999 3381 1086 3457 Nec
1108 3378 1207 3457 mihi

213 3480 339 3560 deesse
356 3485 513 3563 videtur
529 3482 787 3590 grauiffimum
803 3482 968 3590 negandi
994 3504 1047 3561 ex
1073 3479 1209 3583 ipfius,
1308 3505 1309 3508 ‘

216 3602 258 3659 et
276 3590 421 3696 negotii
431 3586 722 3669 circumstantiis
730 3586 918 3673 resultans
927 3604 1211 3692 argumentum.

217 3689 285 3767 Est
302 3693 402 3768 enim
423 3693 662 3772 canonizatio
673 3692 726 3767 nil
738 3691 863 3782 aliud,
890 3713 1002 3790 quam
1013 3688 1213 3776 iudicium,

218 3794 322 3900 quod
341 3819 520 3874 romanus
536 3792 736 3899 pontifex,
761 3794 828 3870 vel
850 3790 1008 3872 ecclesia
1026 3790 1070 3867 in
1088 3788 1213 3868 conci·

218 3900 277 3977 lio
303 3920 533 4000 congregata
569 3898 700 3976 ferunt
728 3896 776 3972 de
811 3895 1012 3975 sanciitate
1047 3891 1213 3969 hominis

224 3998 422 4082 cuiusdam
438 4001 500 4099 pie
519 3996 707 4078 defuniiii,
733 4022 828 4100 quae
853 3992 906 4101 ι.)
926 3998 967 4075 in
978 3994 1125 4074 fincera
1136 4017 1214 4069 mo·

223 4130 310 4183 rum
328 4099 519 4208 probitate
538 4104 588 4199 a)
615 4100 787 4180 iniucato
802 4100 992 4181 virtutum
1011 4095 1216 4185 exercitio,

224 4211 282 4308 3.)
309 4205 472 4304 aliisque
503 4202 716 4282 aiiionibus
754 4202 928 4281 externis
955 4198 1217 4281 innocentiam

224 4311 331 4387 vitae
360 4305 552 4386 internam
576 4304 941 4407 praeseferentibus:
965 4327 1037 4382 nec
1065 4326 1142 4380 non
1160 4301 1218 4399 4)

225 4414 271 4490 in
294 4410 491 4490 miraculis
512 4410 560 4490 ab
585 4435 632 4489 eo
658 4408 703 4487 in
724 4408 830 4504 vita,
854 4408 922 4486 vel
941 4421 992 4510 5.)
1016 4404 1097 4514 post
1121 4428 1219 4487 mort

813 4536 815 4543 ·
1087 4529 1169 4590 tem
