2784 5167
92 188 955 474 “

720 569 724 576 ι

507 846 704 930 Piis
752 851 818 929 lii.
903 855 905 860 ’
1015 895 1038 908 --
1081 849 1157 953 561

237 1040 451 1111 dedicatione
485 1035 630 1104 habuere
660 1057 714 1127 ap.
750 1039 887 1103 Evsmr⁶
916 1038 938 1101 1.
969 1059 994 1100 e.
1030 977 1095 1127 cap.
1119 1060 1153 1120 4.

110 1181 113 1188 .
237 1127 272 1195 S.
288 1130 465 1190 Avuvsr.
483 1123 553 1191 edit.
572 1147 636 1189 nou.
652 1143 720 1192 rom.
740 1127 781 1191 V.
790 1123 878 1205 sirm.
899 1130 972 1206 336.
984 1127 1046 1206 seq.
1128 1201 1131 1206 Ι

532 1363 573 1472 5.
601 1365 799 1478 DchX„

141 1507 411 1670 &facienda
438 1570 489 1649 ab
518 1569 693 1674 episcopo
724 1529 835 1662 lucie
853 1565 895 1646 in
921 1595 997 1674 quo
1021 1575 1074 1673 est
1101 1605 1158 1657 ee·

591 1669 645 1747 cle
672 1695 710 1745 α.

107 1877 109 1882 ’
240 1880 339 1955 Cum
361 1891 492 1957 autem
502 1876 746 1959 consecratio
755 1875 939 1960 ecciefiae
959 1878 1064 1965 inter
1084 1911 1155 1984 ea,
1227 1903 1231 1908 ·
1268 1960 1270 1964 ,

146 2005 253 2086 quae
271 1975 416 2057 ordinis
434 2007 509 2060 non
544 2003 676 2061 autern
703 1981 980 2065 iurisdictionis
1014 1989 1159 2094 episco-

111 2091 114 2106 '
145 2084 250 2264 λεῶς
266 2081 373 2169 sunt,
401 2087 671 2176 recenseatur,
706 2087 838 2164 nulius
861 2086 928 2165 niii
959 2092 1158 2200 episcopus
1193 2167 1196 2172 .

189 2186 243 2281 ci,
269 2186 310 2263 in
330 2210 406 2290 quo
424 2187 478 2266 est
497 2187 676 2280 ecclesia,
704 2213 790 2266 eam
808 2195 1048 2290 consecrare,
1087 2224 1154 2278 ne·

113 2369 115 2376 ,
145 2289 274 2392 queis
291 2290 427 2381 alteri,
463 2315 579 2397 quam
609 2292 788 2397 episcopo
817 2291 856 2368 id
882 2297 1062 2396 delegare
1086 2325 1155 2402 po·
1239 2305 1241 2310 ’

140 2393 230 2469 test.
284 2390 556 2500 Peragidebet
583 2397 663 2475 ritu
695 2394 842 2474 solenni
870 2420 917 2475 ac
945 2397 1041 2478 iolet
1072 2405 1153 2480 die·

110 2493 114 2506 '
139 2493 216 2572 bus
236 2495 438 2580 dominicis
455 2522 501 2578 ac
520 2497 688 2590 festinis,
717 2498 813 2578 licet
830 2500 877 2575 de
903 2500 994 2576 iure
1011 2507 1155 2608 quouis

133 2615 318 2700 tempore
325 2599 413 2682 fieri
426 2600 545 2708 poffit.
559 2606 674 2682 Ritus
683 2602 861 2680 hodierni
870 2601 910 2680 in
928 2601 1153 2704 Pontificali

138 2701 319 2808 Romano
335 2705 623 2800 describuntur,
658 2707 728 2812 qui
757 2725 887 2784 tamen
914 2732 993 2784 non
1018 2711 1164 2818 eodem⁸

132 2823 319 2908 tempore
342 2809 529 2897 adhibiti,
575 2810 641 2888 sed
668 2809 913 2891 recentiores
939 2833 1029 2890 cum
1057 2813 1156 2893 anti·

143 2906 235 3008 quis
256 2912 374 2989 mixti
389 2912 489 2991 sunt.
1160 2965 1163 2974 ·

139 3111 338 3183 Turnrnr.
355 3115 416 3199 [effi
438 3116 497 3182 VI.
524 3139 589 3206 cap.
623 3137 654 3200 ς.
680 3116 714 3183 de
740 3119 795 3202 ref?
821 3139 886 3263 cap:
915 3134 945 3184 2.
968 3116 1003 3183 de
1026 3123 1149 3202 consecti

227 3196 409 3262 Binuosn
429 3199 462 3262 de
481 3205 535 3283 effi
552 3203 640 3290 episc.
655 3206 742 3286 alleg.
762 3223 813 3283 ⁹7·
886 3202 924 3265 F.
953 3202 1150 3271 Minoribus

228 3281 270 3343 ab
288 3283 470 3350 Honorio
489 3287 569 3366 lv..
601 3287 782 3354 carmelitis
808 3303 826 3348 a
850 3284 997 3350 Ioanne
1025 3287 1152 3360 XXII„

140 3383 157 3446 j
223 3363 349 3430 lesuitis
379 3385 398 3430 a
425 3369 559 3436 l'nveo
595 3369 656 3434 111.
680 3372 853 3460 priuilegia
880 3364 1032 3432 tonceii'a
1057 3367 1149 3436 iuiiie

222 3446 369 3522 docent,
391 3453 426 3515 vi
444 3472 583 3537 quorum
607 3455 766 3599 episcopo
797 3454 995 3522 dioecesano
1034 3456 1149 3518 conse·

225 3538 407 3599 crationem
439 3535 598 3603 humititcr
624 3538 815 3622 postuatam
849 3536 936 3598 vltra
964 3532 1027 3603 IV.
1060 3555 1150 3601 men·

168 3669 173 3690 ,
208 3617 274 3684 ¹ses
294 3616 467 3686 differente
507 3640 545 3686 ro
573 3619 677 3687 eard
729 3636 936 3702 uemcunque
954 3619 1148 3704 episcopum

93 3743 104 3760 .
220 3715 388 3766 recurrere
413 3719 458 3788 po
487 3715 553 3770 unt.
602 3708 657 3769 An
689 3639 768 3767 oiim
794 3720 898 3767 annua
923 3700 1151 3770 dedicationis.

92 3823 107 3840 .
124 3779 127 3788 '
218 3779 376 3850 festiuitas
397 3787 563 3854 celebrata
574 3787 691 3857 fuerit,
708 3790 867 3852 incertum
884 3785 938 3849 est.
967 3783 1079 3852 Hodie
1092 3804 1153 3864 aur

100 3877 140 3898 ·’
222 3875 291 3927 tem
306 3871 399 3933 velut
416 3889 483 3935 vna
502 3889 522 3936 e
539 3874 727 3959 praecipuis
745 3863 833 3934 festis
849 3869 987 3935 habetur
1009 3875 1144 3932 crucior

157 3989 160 3994 -
218 3946 301 4027 Dist.
328 3949 359 4015 Ι.
389 3952 423 4015 tle
448 3955 570 4033 consecr.
622 3958 747 4018 Verum
770 3970 842 4016 vna
869 3970 940 4016 cum
971 3949 1146 4028 festiuitate

219 4033 446 4102 conuiuiorum
480 4053 520 4102 ac
561 4033 827 4104 comessationum
873 4035 988 4100 abusus
1034 4030 1145 4119 paiitm

217 4117 346 4200 vbique
366 4117 510 4184 inualuit.
552 4122 640 4188 Hinc
667 4131 703 4184 et
730 4119 947 4186 conciliorum
973 4114 1143 4190 decretis,

217 4213 254 4265 et
269 4201 458 4300 Principum
479 4200 591 4271 edictis
610 4211 740 4268 cautum
757 4201 826 4273 est,
856 4213 897 4267 vt
917 4221 989 4265 vno
1008 4197 1142 4268 eodem·

93 4345 95 4352 .
163 4297 167 4304 ·
219 4301 284 4365 que
301 4283 356 4349 die
387 4303 421 4349 m
442 4303 571 4373 unaque
596 4307 637 4353 ue
661 4289 836 4370 prouincia
862 4287 934 4353 dies
960 4282 1139 4350 dedicatio·

217 4369 269 4513 {ris
293 4369 504 4518 anniulersarin
540 4308 725 4438 ceiebretur
775 4367 863 4435 Add.
894 4389 976 4433 vnn
1005 4369 1141 4437 Esrrrr.

232 4475 284 4513 .c.
300 4475 363 4534 cop.
405 4454 444 4516 V.

131 4529 138 4544 ’
185 4550 613 4666 IrfiitJurirpmechefi
621 4553 759 4644 PJII.
784 4555 823 4634 N
832 4581 859 4636 n
909 4535 1112 4637 Dcctxr.
1174 4585 1179 4589 ·
