2784 5167
484 871 847 960 'Patent
1112 840 1189 985 ⁹427

280 1122 292 1143 .
316 1082 356 1161 4.
382 1056 429 1139 de
450 1056 566 1163 regul.
596 1058 635 1159 ist
664 1056 730 1139 VI.
757 1056 817 1163 3.)
845 1059 1016 1138 Inutilem
1043 1064 1189 1167 paritet·

205 1197 231 1249 e
260 1161 613 1247 erenunoz’ationem
630 1180 720 1241 ante
742 1165 899 1245 vltimos
924 1166 1017 1243 duos
1043 1171 1190 1250 menses

208 1262 324 1353 etiam
351 1267 420 1348 sub
446 1267 684 1346 conditione:
707 1263 747 1364 st
756 1268 875 1365 fuero
900 1268 1087 1371 profeffitt
1111 1271 1190 1354 fac·

206 1396 308 1467 tarn,
326 1370 396 1451 nisi
406 1391 494 1449 ante
505 1368 604 1447 hanc
614 1372 843 1447 reuocabilis
858 1366 912 1449 fit.
938 1371 991 1449 Et
1005 1379 1064 1473 4)
1082 1373 1190 1463 sicut.

172 1492 175 1497 '
203 1476 235 1561 fi
249 1476 420 1579 superior
436 1475 590 1550 exiusta
600 1471 719 1549 eauffa
733 1472 994 1574 profeffionem
1010 1479 1113 1554 vltra
1128 1505 1190 1556 an·

203 1606 302 1661 num
312 1577 510 1661 distulerit,
523 1575 724 1654 vndecimo
737 1577 862 1653 mense
874 1577 1110 1673 tamenfasta
1121 1579 1191 1661 dis·

207 1680 343 1787 pofitio
352 1678 529 1774 subsistit,
543 1678 598 1756 ita
608 1682 767 1757 eandem
777 1679 924 1755 irritam
935 1678 1008 1758 effe
1018 1684 1189 1784 adparet,

208 1810 247 1863 e.
265 1813 300 1893 g.
318 1808 422 1862 nono
435 1782 563 1862 mense
580 1781 740 1875 factam,
767 1781 833 1860 etsi
852 1780 1027 1886 profeffio
1046 1807 1098 1861 ex
1120 1786 1190 1866 dis·

206 1886 434 1993 pensatione
457 1884 535 1963 fors
559 1883 707 1963 decimo
739 1884 867 1965 mense
896 1886 998 1967 reete
1025 1883 1105 1965 fiat.
1133 1888 1192 1993 5.)

206 1992 373 2089 Insuper
398 1989 592 2067 decretum
617 1988 689 2067 hoc
713 1985 874 2090 speaata
906 1988 990 2067 eius
1019 1990 1191 2077 ratione.

214 2115 262 2173 et
276 2096 400 2169 mente
424 2092 504 2169 vim
526 2091 630 2171 suam
650 2115 808 2169 exerere
828 2092 869 2168 in
882 2113 1112 2270 §uacunque
1134 2119 1192 2172 re·

213 2192 476 2289 nuntiatione,
503 2215 570 2272 aut
594 2194 824 2272 alienatione
842 2192 881 2271 fa
918 2221 940 2270 a
970 2195 1087 2273 etiam
1102 2217 1192 2275 ante

214 2298 259 2377 in
303 2293 439 2385 effum,
473 2300 585 2375 modo
611 2300 809 2400 adpareat,
851 2320 936 2374 eam
963 2295 1125 2389 intuitu,
1153 2318 1194 2378 et

208 2424 341 2589 ειὲιῖιιο
358 2399 616 2583 inffrediendss
642 2397 767 2507 quiin
784 2399 898 2483 dubio
917 2396 1192 2504 praesumitur.

292 2528 394 2589 ime
425 2527 458 2585 e·

592 2817 820 2922 §.ntxx.

212 3016 340 3103 Aliud
369 3041 494 3100 tantan
524 3019 669 3100 obtinet
697 3023 738 3103 in
771 3024 846 3104 illis
876 3017 1197 3130 difpofitionibacJ.
1273 3110 1275 3115 ,

310 3150 406 3230 quae
424 3151 474 3203 tx
500 3146 641 3203 natura
654 3130 733 3228 sua
756 3127 1102 3234 reuocaripoffunt.

254 3400 260 3407 .
304 3330 426 3411 Porro
444 3328 608 3411 infertur
633 3331 692 3434 6.)
719 3330 847 3410 valida
862 3328 936 3411 effe
953 3327 1079 3408 omnia
1095 3325 1200 3405 noui·

214 3428 355 3534 tiorum
378 3431 514 3535 poda,
544 3454 581 3508 et
606 3431 862 3538 diſjtactfitiones
888 3428 1131 3522 reuocabiles,
1158 3448 1200 3511 et

243 3537 356 3615 uibus
389 3535 590 3615 substantia
630 3538 854 3642 patrimonii
887 3562 964 3615 non
998 3532 1198 3611 minuitur.

232 3724 236 3729 ,
313 3666 338 3717 o
356 3641 415 3742 7.)
442 3660 480 3717 et
494 3640 823 3735 renunciationes,
849 3637 927 3719 fine
945 3635 1200 3741 obligationes

179 3804 187 3819 .
214 3742 347 3821 decem
374 3739 560 3820 menslbus
577 3742 619 3821 in
644 3743 836 3823 nouitiatu
863 3738 1029 3832 emetis,
1057 3737 1084 3816 si
1109 3758 1200 3819 cum

212 3842 402 3947 episcopi,
431 3845 589 3945 eiusque
605 3845 745 3927 vicarii
760 3843 854 3925 fiant
869 3845 1059 3944 consenstt,
1084 3863 1203 3944 quem

210 3946 440 4029 monasteria
467 3968 646 4052 exempta
671 3949 788 4029 etiam
809 3946 1003 4065 negligere
1022 3970 1096 4023 non
1119 3939 1201 4044 pos·
1281 4040 1283 4044 A

210 4046 314 4130 suot.
344 4055 421 4154 ,85)
449 4050 498 4128 Et
518 4053 690 4151 quamuis
715 4056 957 4132 renunciatio
986 4048 1060 4125 hoc
1086 4046 1201 4122 modo

209 4150 316 4241 satta
339 4178 362 4231 a
387 4152 536 4231 nouitio
561 4153 822 4254 perseuerante
842 4151 1021 4234 reuocari
1039 4148 1203 4248 amplius

209 4279 292 4333 non
306 4253 437 4358 poffit,
460 4281 541 4335 eam
551 4279 678 4335 tamen
694 4256 870 4339 effettum
889 4258 996 4337 suum
1012 4253 1114 4332 haud
1127 4250 1201 4329 sor·

212 4356 303 4445 tiri,
332 4356 399 4439 nisi
414 4359 640 4467 professione
657 4361 797 4460 secuta.¹
847 4364 951 4446 Hinc
977 4354 1202 4477 9·)fi·n011.i·

1070 4483 1155 4548 tm
