2784 5167
213 949 264 1027 66
307 934 1140 1029 'IvmsnnvuunnmuEcccnsmsmcan,

208 1132 290 1211 sum
301 1129 504 1205 videbatur
523 1120 632 1202 nouis
656 1120 832 1223 precibus
847 1117 1107 1222 episcoporum
1124 1140 1194 1217 pro

211 1235 399 1312 reditibus
436 1229 554 1307 adire.
606 1226 727 1328 Igitur
757 1222 836 1328 ipso
871 1222 1025 1325 insuper
1064 1221 1196 1297 habito

212 1338 274 1414 ius
297 1328 532 1440 percipiendi
556 1326 701 1403 fructus
725 1322 811 1402 suos
838 1323 939 1403 intra
965 1322 1106 1402 limites
1131 1323 1197 1399 ad·

214 1436 425 1517 iudicatum
444 1454 526 1510 erat
539 1430 773 1533 presbyteris
789 1428 1027 1530 inualuitque
1043 1427 1196 1503 tandem

212 1540 367 1619 axioma
388 1536 504 1613 iuris:
527 1525 691 1632 parochi
715 1524 850 1604 labent
853 1526 1062 1626 fundatam
1079 1526 1199 1605 inten.

214 1641 352 1718 tionem
377 1633 432 1714 ad
454 1631 717 1737 percipiendos
740 1653 947 1731 prouentus
971 1630 1076 1706 intra
1091 1628 1197 1729 fines

207 1748 366 1847 suarum
393 1736 659 1842 parochiarum
683 1734 956 1834 prouenientes.
1006 1731 1067 1807 Sic
1098 1732 1198 1812 abiit

213 1845 334 1926 subito
352 1843 392 1918 in
412 1841 472 1915 ius
497 1840 620 1929 tituli,
647 1838 748 1937 quod
775 1861 896 1939 nuper
915 1829 1110 1945 personale
1141 1836 1198 1910 di-

105 2014 109 2033 .
221 1950 395 2023 cebatur:
420 1962 457 2016 et
485 1940 713 2041 pedetentim
742 1963 809 2039 per
842 1938 1014 2016 ecclenas
1038 1936 1195 2014 commi·

219 2070 332 2151 grans
350 2046 491 2144 vtique
512 2040 746 2120 domicilium
765 2036 863 2147 fixit.
965 2128 969 2137 ι

220 2251 308 2312 Van
331 2249 445 2310 Esrnu
467 2267 497 2333 p.
519 2242 566 2308 11.
583 2245 652 2326 left.
672 2243 737 2308 111.
758 2244 803 2306 tit.
827 2262 853 2305 ι.
873 2248 1004 2325 sequuta
1021 2248 1094 2308 suut
1109 2249 1196 2330 capi·

298 2335 363 2394 tula
381 2342 448 2394 tum
472 2328 685 2403 cathedralia,
708 2345 775 2395 tum
804 2329 994 2411 collegiata,
1016 2328 1050 2391 in
1078 2332 1196 2414 quibut

297 2416 463 2485 canonici,
491 2411 613 2478 abiecta
648 2415 800 2496 regularis
839 2418 924 2476 vitae
952 2419 1198 2503 communitate,

298 2511 338 2559 vt
352 2498 543 2561 lamentatur
561 2498 753 2561 Tamucus.
767 2497 861 2559 cltou.
877 2492 1000 2577 lirstxug.
1017 2496 1055 2559 ad
1067 2521 1112 2562 on.
1122 2516 1196 2581 972·

226 2596 230 2603 ·
297 2596 390 2663 agros
406 2597 588 2643 communes
607 2582 690 2642 inter
702 2583 733 2642 se
752 2581 882 2660 partiri,
905 2584 980 2643 etin
999 2583 1126 2647 titulum
1142 2585 1198 2648 be·

299 2661 403 2726 neficil
430 2662 484 2825 sipi
505 2662 666 2728 vindicate
692 2661 752 2727 ausi
770 2667 851 2730 sunt.
891 2665 978 2732 Add.
997 2666 1073 2733 Ivo.
1097 2669 1199 2734 Can·

303 2765 388 2809 nor.
406 2747 452 2833 cpi
474 2792 482 2808 .
505 2753 552 2831 69.

510 3016 512 3019 .
610 2969 648 3074 t.
704 2972 780 3050 cn.

358 3158 462 3237 Vnde
479 3158 642 3260 beneficii
650 3163 886 3266 perpetuitas
894 3184 981 3239 ortu
998 3164 1058 3262 est.

112 3419 114 3424 ¹
312 3332 416 3434 Quid
433 3333 583 3414 multis!
610 3332 705 3412 fic‘ut
725 3337 838 3415 feuda
856 3361 1037 3414 annorum
1058 3329 1190 3416 succes·

221 3433 264 3510 su
282 3433 337 3511 ita
351 3455 526 3512 naturam
543 3461 825 3540 permutarunt,
852 3459 896 3515 vt
909 3461 1090 3543 perpetua
1109 3462 1191 3540 quo

223 3536 420 3613 dammodo
440 3533 594 3632 fierent,
621 3564 660 3619 et
675 3546 766 3619 dum
787 3542 919 3619 haeres
932 3541 1114 3643 superstes
1134 3539 1191 3626 eil.

193 3686 195 3690 v
222 3636 368 3716 vasallo
383 3661 534 3718 mortuo
543 3669 619 3720 non
631 3644 844 3747 exspirent:
865 3639 1194 3745 ficbeneficiaquo·

221 3762 297 3847 que
327 3738 583 3840 ecclefiastica‚
625 3770 721 3847 quae
747 3748 839 3823 olim
873 3770 923 3823 ex
948 3769 1040 3824 nutu
1061 3749 1194 3851 epipo-

219 3839 266 3947 pi
294 3843 570 3942 dependebant,
609 3843 734 3937 officio
761 3851 909 3928 cuidam
935 3851 1039 3929 sacro
1068 3875 1196 3954 perpe·

218 3965 286 4024 tuo
321 3947 493 4035 adnexa,
535 3950 689 4050 perinde
720 3972 880 4029 aetatem
894 3954 1022 4031 ferunt
1045 3951 1199 4032 indeter-

221 4046 406 4125 minatam
425 4082 435 4133 ;
461 4072 583 4148 neque
602 4053 733 4154 facere·
752 4055 947 4160 episcopus
966 4054 1108 4159 potest,
1132 4076 1197 4148 vt,

221 4151 290 4325 pul
313 4151 742 4269 munerisincommoda
759 4158 942 4267 suscepit,
968 4185 1017 4236 ne
1037 4182 1200 4238 commo-

247 4275 271 4327 a
296 4276 589 4357 eiusperctpiat.

218 4455 317 4521 vnde
335 4457 508 4534 beneficia,
533 4481 616 4544 quae
630 4482 766 4544 vocant,
789 4468 928 4535 manualia
942 4465 982 4533 ad
998 4477 1111 4532 nutum
1127 4480 1206 4546 cou-¹

301 4536 435 4609 terentis
462 4544 629 4616 concello:
656 4554 778 4621 Vicetia
796 4553 981 4644 temporalis,
1003 4557 1056 4620 seu
1073 4549 1203 4703 agmini·

520 4643 524 4652 ·
1118 4651 1163 4697 ta·
