2784 5167
419 518 457 569 ¹⁴l

205 932 280 989 112
307 908 732 984 Ivnrsrnvnenrrnu
750 900 1160 995 uccensrasrrcnn,
1189 964 1195 977 .

197 1090 380 1175 audiendi
413 1118 491 1169 non
524 1089 611 1170 sunt
637 1090 870 1191 interpretes
901 1085 1056 1193 quidem
1078 1110 1236 1171 cano-.-

197 1225 294 1276 num
317 1196 421 1275 inter
453 1193 767 1285 consuetudinem
802 1192 1114 1295 antecedentem,
1152 1210 1208 1271 etr

199 1294 496 1403 consequentem
518 1296 802 1402 distinguentes,
855 1299 986 1396 Quum
1006 1295 1114 1377 enim
1129 1310 1197 1403 pe·
1231 1342 1236 1403 l

197 1425 280 1484 tres
295 1403 452 1480 concilii
469 1400 780 1490 consuetudines,
802 1416 840 1472 et
859 1396 1085 1503 priuilegia,
1113 1396 1195 1501 qui·

195 1513 263 1587 bus
281 1507 445 1610 praelati
461 1504 666 1584 inferiores
687 1502 781 1581 freti
802 1499 955 1578 clericis
981 1503 1029 1579 ad
1051 1498 1191 1581 benesi-
1223 1532 1225 1537 ·

197 1612 260 1689 cia
281 1631 415 1688 curata
442 1609 629 1711 promotis
650 1632 781 1686 cutam
805 1603 1018 1682 extimarum
1034 1600 1191 1713 insuper

196 1712 341 1791 habitax
364 1711 470 1792 omni
498 1709 728 1790 auctoritate
757 1705 962 1814 episcopali
989 1708 1061 1789 soli
1089 1736 1220 1795 com·.

199 1816 357 1897 mittere
374 1812 631 1920 praesumsero
638 1870 651 1910 ,
679 1810 847 1894 ecclesiis
866 1812 1065 1906 damnosa,
1092 1812 1194 1923 peri:

200 1918 330 1998 culosa
355 1918 581 2013 animabuS‚
618 1939 658 1997 et
686 1919 841 2022 publice
865 1916 1078 2020 perniciosa
1106 1920 1209 2003 heo·-

200 2042 314 2101 tenus
334 2017 442 2099 fuisse
462 2023 681 2102 luculenter
697 2022 947 2129 agnouerint‚
974 2022 1196 2124 periculum

200 2122 421 2203 uniuersale
447 2122 535 2213 inde
558 2121 739 2206 ecclefiae
756 2122 959 2202 imminens
984 2125 1089 2203 omni
1115 2154 1196 2209 mo·

202 2231 252 2305 do
272 2229 319 2305 ab
341 2254 386 2305 ea
405 2245 608 2324 auertere,
635 2249 862 2331 omnemque
881 2227 986 2306 viam
1004 2230 1196 2311 redeundi

156 2408 159 2412 Α
201 2333 251 2409 ad
269 2332 446 2435 antiquos
463 2331 600 2412 abusus
626 2334 874 2434 praecludere
900 2326 1063 2413 voluisse
1087 2332 1198 2417 hisce

92 2465 95 2470 ·
199 2433 334 2515 verbis
361 2433 552 2539 energicis
574 2433 786 2537 enixissime
808 2434 1064 2513 declararunt.

195 2641 306 2712 Sunt,
329 2643 383 2723 qui
399 2639 587 2713 adfirmant,
609 2640 664 2705 via
681 2640 944 2724 praescriptionis
963 2640 1106 2706 obtineri
1127 2640 1201 2727 p'os·

283 2725 318 2789 se
347 2722 535 2789 facultatem
553 2723 754 2807 impertiendi
780 2719 1006 2787 institutionem
1025 2723 1201 2793 aridorise·

283 2809 385 2872 bilem
412 2813 462 2872 vti
482 2810 652 2872 Banuosn
682 2805 716 2868 de
743 2808 816 2887 offic.
847 2808 969 2893 episcop.
986 2832 1016 2894 p.
1037 2806 1107 2875 III.
1131 2808 1198 2877 Ne·

284 2897 571 2974 parturiendo,
599 2893 649 2954 vti
678 2892 714 2954 P.
734 2892 942 2956 Wrnsnunn
960 2892 987 2958 l.
1008 2910 1030 2958 r.
1050 2916 1126 2959 naor.
1148 2911 1199 2975 34.

196 2973 202 2981 “
287 2997 399 3123 ‘desp'
410 2994 439 3055 3.
451 2976 479 3039 Ιι.
498 2993 510 3038 r
533 2974 682 3040 Mediam
694 2990 784 3041 tenet
799 2981 988 3044 sententiam
1001 2980 1038 3045 P.
1048 2982 1200 3045 Βοιοκκ

285 3081 303 3122 α
367 3107 374 3123 .
397 3077 417 3122 t.
444 3082 515 3125 ruem.
540 3079 589 3125 11.

595 3292 634 3396 t.
665 3301 796 3379 cnm.

644 3507 761 3591 Idem.

203 3776 219 3798 .
283 3685 405 3791 ‘Quae
438 3680 621 3760 cumita
648 3679 742 3776 sint,
777 3684 875 3763 illud
900 3706 1069 3793 quoque,
1097 3678 1217 3788 quod-

202 3782 296 3867 rnde
326 3782 589 3885 consequitur,
623 3785 759 3864 verius
786 3787 860 3866 esse
885 3790 1074 3875 arbitror,
1102 3784 1207 3886 quod

204 3887 323 3965 etiam
329 3883 528 3984 fundator
557 3886 732 3988 beneficii
747 3892 872 3968 curati
887 3885 1214 3996 adprobationem

205 3987 263 4067 ad
288 4016 417 4071 curant
442 3991 677 4084 animorum,
693 3996 763 4090 seu
790 3994 1055 4094 institutionem
1078 3986 1207 4069 audo·

203 4091 395 4191 risabilem
417 4091 599 4196 praelato
617 4093 766 4173 cuidam
789 4098 965 4199 inferiori
989 4101 1030 4175 in
1055 4093 1208 4198 praeiu-

205 4195 355 4274 dicium
374 4197 471 4275 1uris
497 4198 723 4301 episcopalis
743 4202 970 4282 reseruando
982 4198 1082 4277 nihil
1101 4214 1204 4315 ³5³9

209 4296 386 4403 haecque
411 4301 582 4379 conditio
606 4303 684 4379 iuri
705 4309 914 4402 communi,
942 4328 982 4384 et
999 4299 1118 4410 praxi
1134 4322 1207 4381 xm·

190 4400 314 4481 .mica
339 4428 362 4481 a
379 4405 532 4508 priuato
547 4402 687 4484 frustra
704 4407 916 4492 adiicietur.

873 4627 941 4716 Cap.
