2784 5167
267 828 342 917 628
370 824 773 896 lvn1snnvnnnr1nn
795 807 1200 909 Eccnesrasrrcnr,

266 1010 319 1090 tit
340 1005 518 1109 publicae
537 996 672 1080 causae
690 997 814 1076 hoster
832 996 923 1074 inde
951 996 1200 1103 extrahere,
1227 1024 1269 1087 m
1299 1030 1303 1035 ·

266 1134 341 1215 que
362 1106 457 1188 iusta
471 1100 798 1187 animaduerfione
818 1102 1036 1183 coerceret

497 1458 502 1469 ,
587 1342 627 1449 t·
682 1340 932 1439 nccoxo

517 1548 607 1629 Nec
628 1573 679 1627 tx
706 1542 836 1626 dizdno
851 1541 1025 1653 posttr'uo.

358 1758 495 1859 Neque
513 1755 629 1834 aliter
650 1754 731 1832 iure
756 1746 887 1829 diuino
898 1748 1066 1854 posttiuo
1094 1752 1274 1833 constitu·

273 1877 359 1937 tum
383 1856 457 1937 ess'e
482 1857 737 1936 meminimus.
794 1857 910 1956 Quod
937 1855 1045 1934 enim
1076 1854 1118 1931 in
1148 1857 1272 1936 veteri

271 1960 499 2038 testamento
518 1959 698 2039 ciuitates
717 1955 860 2061 refugii
871 1957 987 2035 Dnvs
1004 1955 1271 2061 adfignauerit

270 2082 318 2139 vt
337 2088 382 2139 eo
404 2062 521 2139 consu
550 2063 671 2140 ientes
686 2061 733 2140 ab
751 2058 905 2136 iniuriis
924 2063 1004 2140 tuti
1023 2062 1166 2153 effent,
1194 2063 1268 2139 eius

270 2165 387 2282 longe
404 2166 481 2242 alia
497 2085 549 2242 efi
562 2165 685 2258 ratio,
712 2160 924 2241 hodiernae
942 2163 1143 2267 asylorum
1160 2164 1266 2269 praxi

271 2288 409 2374 vtique
427 2267 633 2355 contraria.

272 2472 386 2540 Exon.
406 2467 502 2537 XXI.
530 2468 680 2535 Numrn.
706 2462 851 2533 XXXV.
876 2464 1053 2537 Drvrrn.
1068 2470 1161 2539 XIX.
1208 2470 1258 2537 NJ·

211 2554 216 2561 “
356 2558 468 2620 mirum
487 2549 531 2617 ob
549 2554 681 2616 nimium
707 2549 894 2618 iudaeorum
918 2550 1084 2621 vindidiae
1106 2554 1253 2623 iiudium.

383 2633 540 2703 ermiffum
556 2646 625 2699 erat
650 2632 807 2719 proximis
832 2634 1077 2718 consanguineis
1103 2638 1249 2703 occidere

355 2656 552 2789 {omicidam
570 2720 602 2780 in
627 2715 771 2799 flagranti
793 2713 835 2777 de
861 2718 1044 2788 rehensum.
1072 2737 1153 2801 quos
1177 2723 1245 2785 ideo

355 2803 509 2868 vindices
533 2801 689 2880 sanguinis
716 2735 938 2882 adpellaffiant.
981 2800 1057 2866 Cum
1079 2805 1179 2883 itaque
1201 2810 1242 2864 et·

357 2892 418 2953 iam
436 2882 505 2948 inis
532 2880 755 2947 defensoribus
779 2881 819 2944 ab
840 2879 891 2946 his
917 2886 1094 2968 pericnlum
1117 2885 1243 2949 immine·

277 3008 280 3015 ,
355 2981 428 3039 ret,
448 2966 606 3028 Dominus
623 2965 719 3027 Dnvs
737 2964 818 3027 haec
841 2965 935 3050 asyla
963 2968 1141 3036 constituit,
1159 2982 1195 3030 ut
1208 2968 1249 3029 'ni

358 3054 421 3116 tuti
438 3042 761 3117 essent-homicidae,
783 3048 894 3112 donec
909 3050 956 3115 de
967 3052 1080 3116 iniuria
1096 3051 1251 3118 constaret.

358 3153 421 3218 qua
437 3130 638 3213 deprehensa
655 3133 804 3196 securitas
821 3126 980 3197 cessabat
1022 3136 1078 3198 De
1095 3132 1174 3197 hisce
1190 3135 1250 3213 affl.

355 3233 412 3363 ppt.
430 3210 486 3291 test.
503 3214 617 3360 ἱινίαέἶατ.
627 3214 753 3297 theolog.
770 3211 894 3300 typicum
913 3217 1112 3303 conscripsit
1125 3218 1245 3282 func.

394 3317 494 3363 ωηο.
546 3313 611 3366 irs,

490 3508 501 3533 ν
604 3494 644 3601 ς.
699 3499 967 3577 ncccnxm.

273 3698 354 3788 Sed
369 3725 419 3778 ex
442 3694 605 3779 humano
630 3697 732 3777 ciuili
755 3721 790 3777 et
824 3701 1100 3882 inopinatorum
1120 3714 1184 3822 pio
1210 3710 1258 3786 in·
1299 3776 1304 3789 .

561 3799 667 3881 dulto
692 3802 848 3881 deriuari
918 3812 983 3908 est.

357 3979 422 4055 Ex
450 3973 585 4077 quibus
610 3998 730 4077 porro
765 3976 1049 4085 consequitur,
1088 3990 1149 4067 ius
1175 3987 1258 4073 asuii

270 4101 488 4162 ereaturam
505 4077 600 4156 iuris
617 4074 773 4156 Ιιιιηιαηὶ
789 4078 880 4175 effe,
907 4106 1031 4187 utque
1050 4115 1104 4169 ex
1121 4076 1260 4171 histoiia

269 4176 547 4262 euidentissime
565 4184 745 4284 adparet,
779 4181 927 4290 semper
955 4191 1003 4267 ab
1030 4193 1263 4296 imperatori.
1308 4278 1314 4289 ἱ

267 4285 338 4363 bus
360 4283 594 4377 christianis,
614 4305 795 4385 tanquam
805 4287 842 4369 se
869 4291 997 4370 uelam
1015 4297 1119 4378 iuris
1136 4296 1263 4403 adgra.

190 4468 196 4473 ,
268 4387 412 4486 tioudi,
441 4388 655 4471 exercitum
674 4387 797 4469 fuisse.
890 4393 1040 4498 egimus
1063 4405 1264 4506 equidem,
1313 4450 1315 4455 ·

1149 4532 1219 4588 nec
