2784 5167
481 854 786 941 Pinum.
1051 887 1129 973 377

554 1044 710 1147 §.DX

453 1244 527 1329 IV.
553 1248 819 1331 conuentione.

222 1455 435 1560 Exemptio
459 1454 661 1534 adecimis
679 1459 770 1557 IV.)
806 1454 1022 1559 adquiritur
1045 1489 1129 1543 eon·

138 1562 333 1651 tentione,
362 1584 486 1665 eaque
509 1562 574 1637 vel
593 1562 816 1664 temporali,
842 1561 907 1639 vel
935 1587 1130 1665 perpetua.

141 1666 185 1743 Si
201 1662 424 1766 temporalis
440 1663 516 1751 est·,
541 1684 655 1761 atque
672 1668 720 1741 ad
740 1664 862 1743 vitam
889 1664 1134 1753 decimatoris

140 1764 343 1871 fingularis
366 1792 400 1845 e.
429 1791 464 1870 g.
493 1764 668 1866 parochi,
708 1767 900 1869 parochus
927 1792 1011 1847 eam
1032 1770 1134 1857 solun

142 1868 357 1957 concedere
415 1865 511 1961 test,
538 1894 622 1969 cap.
639 1893 677 1957 5.
694 1888 732 1944 et
751 1890 784 1955 ε.
804 1868 1045 1949 detruncati.
1092 1879 1132 1959 Si

143 1966 352 2050 conuentio
395 1992 435 2051 at
453 1970 747 2073 inperpetuum,
782 1973 1011 2054 auctoritate
1053 2006 1134 2063 rae.

145 2072 238 2151 fidis
261 2073 299 2149 le
324 2072 421 2153 itimi
439 2098 534 2178 opus
560 2073 611 2150 est
637 2102 683 2148 cu
713 2099 770 2160 ·3·
796 2072 830 2152 h.
851 2096 877 2150 t.
895 2104 977 2180 cup.
1003 2002 1069 2161 vit.
1088 2084 1135 2167 de
1249 2072 1251 2079 ⁵

147 2172 227 2252 reb.
244 2098 326 2253 ecci.
348 2175 456 2254 alien.
517 2175 558 2253 Si
577 2099 740 2253 remidio
759 2177 854 2255 haec
872 2177 918 2257 fit
930 2208 1031 2281 pure
1043 2211 1135 2287 gra.

144 2276 270 2371 tuito,
295 2280 563 2363 auctoritatem
579 2277 715 2357 summi
728 2278 917 2380 pontificis
934 2284 1133 2383 postulant,

143 2404 231 2483 cap.
248 2379 345 2469 ,nde
361 2382 539 2459 nansuci.
592 2381 632 2457 si
654 2383 1048 2482 veronongratuita‚
1072 2392 1137 2477 sed
1190 2398 1192 2405 '

143 2484 382 2587 permutatio
400 2485 653 2570 interueniat.
680 2483 796 2569 solius
815 2485 981 2589 episcopi
994 2486 1136 2571 suffice·

109 2618 113 2625 ·
144 2606 192 2661 re
220 2582 485 2666 audioritatem
514 2588 747 2681 defendunt,
781 2614 864 2690 cap.
895 2620 929 2666 2.
956 2596 1136 2677 transaci.

143 2674 229 2765 Sed
233 2689 355 2795 magis
374 2690 446 2780 est,
473 2691 697 2772 vtdicamus
713 2688 979 2775 austouitatem
998 2698 1137 2806 episco-

143 2788 189 2893 pi
202 2789 352 2899 semper
368 2795 549 2873 sufficere.

458 2996 463 3009 ⁸
559 3064 599 3170 ς.
628 3064 733 3141 uxr.

332 3277 533 3381 aldiones,
561 3284 663 3389 queis
687 3301 767 3363 tum
786 3270 966 3381 decimae),

237 3534 366 3637 Quam
383 3559 496 3639 aegre
512 3558 781 3640 nonnunquam
799 3536 968 3614 decimae
987 3559 1010 3611 a
1030 3531 1143 3611 laicIu

148 3626 377 3727 induuntur,
413 3640 492 3716 imo
520 3640 566 3717 ab
591 3638 755 3733 inuitiS‚
801 3661 842 3717 et
866 3637 1141 3716 reluctantibus

149 3738 383 3842 extorqueri
412 3743 602 3831 debeant,
643 3766 854 3844 quantaque
876 3765 1008 3818 eorum
1039 3762 1144 3815 mur·

102 3872 116 3883 ·
151 3864 264 3918 mura
284 3842 509 3934 audiantur,
537 3844 682 3920 abunde
697 3870 832 3924 notum
852 3844 931 3931 est;
970 3866 1056 3920 curn
1076 3866 1143 3919 ve·.

149 3964 198 4019 ro
217 3942 386 4021 decimae
403 3944 488 4022 iure
508 3968 672 4044 vtroque
695 3945 745 4025 fic
769 3946 990 4051 disponente
1015 3970 1066 4020 ex
1092 3941 1161 4017 iu-¹
1243 3986 1246 3993 ·

136 4041 256 4143 stitia
273 4047 504 4139 debeantur,
533 4075 609 4122 non
628 4050 805 4142 dubium,
842 4048 931 4150 quin
960 4046 1145 4129 maleuoli

149 4144 370 4225 refractarii
395 4153 441 4228 ad
463 4149 692 4227 solutionem
718 4179 847 4231 earum
876 4150 962 4253 cogi
992 4148 1145 4251 possint,

148 4245 299 4355 ipfique
315 4247 564 4329 decimatores
579 4274 656 4328 tam
679 4250 925 4353 ecclefiastici.
953 4276 1065 4357 quam
1079 4250 1147 4330 lai·

150 4352 435 4439 cidecimarum
446 4355 672 4434 solutionem
683 4356 836 4438 iuridice
847 4379 1145 4457 vrperequeant‚

149 4452 206 4545 Et
230 4458 387 4577 quidem
405 4456 435 4547 su
451 4483 588 4566 agatur
608 4462 655 4536 de
683 4456 967 4565 ivfisjruciibus
986 4461 1147 4556 decima·

248 4649 253 4655 ,
604 4570 642 4646 A
669 4586 738 4668 as
791 4605 793 4610 ·
992 4573 1093 4662 uum,
