2784 5167
422 986 426 995 ,
556 896 749 979 Pane
803 902 879 987 111.
1129 926 1202 1011 373

212 1106 292 1163 non
308 1075 445 1189 possunt
460 1084 704 1191 dispensare,'
718 1084 786 1167 nifi
805 1088 845 1165 in
867 1085 1008 1169 casibus
1024 1088 1110 1193 ipsus
1126 1090 1203 1193 spe·

215 1184 367 1287 cieliter
392 1191 517 1269 aiure
533 1189 736 1282 concessus,
763 1220 844 1269 can.
870 1220 901 1287 7.
925 1190 1058 1274 XXV.
1087 1221 1120 1311 q.
1148 1190 1202 1271 II.

216 1314 300 1395 cap.
325 1315 384 1390 13.
408 1289 454 1370 de
483 1314 594 1395 temp.
624 1292 705 1369 ord.
740 1297 864 1372 multo
891 1296 1014 1376 minue
1035 1292 1203 1399 principi

205 1390 396 1495 fictilem,
431 1401 538 1475 cuius
558 1393 609 1471 est
628 1397 747 1491 bona,
784 1418 823 1474 et
845 1398 930 1477 iura
946 1396 1126 1479 ecclesiae
1147 1421 1203 1476 tu·

211 1497 295 1587 eri,
331 1526 372 1576 et
419 1522 606 1602 retegere.
660 1501 732 1573 Sed
759 1500 983 1603 magis'est,
1030 1525 1074 1578 vt
1100 1502 1200 1579 dica·

210 1623 321 1689 mus,
347 1598 564 1703 episcopum
585 1623 766 1703 tanquam
792 1602 1128 1682 administratorem
1145 1602 1202 1679 su·

212 1725 388 1803 premum
407 1704 592 1781 bonorum
611 1700 946 1791 ecclesiasticorum
962 1708 1000 1782 in
1022 1706 1086 1783 sua
1103 1709 1204 1781 dioe·

213 1802 289 1883 cest
307 1802 486 1899 sitorum,
513 1804 941 1910 etiureeminentisquo
961 1805 1000 1893 in
1018 1809 1199 1895 decimas,

213 1908 362 2013 gaudet
383 1906 474 2013 (sup.
492 1908 531 2009 ς.
550 1920 659 1999 482.)
676 1907 777 2012 poffe
799 1909 982 1986 eiusmodi
997 1908 1204 2028 priuilegia

216 2010 451 2101 concedere,
476 2012 522 2089 ab
540 2012 764 2114 imperantis
778 2038 874 2091 vero
896 2011 1025 2089 ciuihs
1043 2010 1206 2091 arbitrio

213 2110 431 2213 dependere
447 2114 554 2215 [sup.
569 2115 606 2211 ἕ.
624 2126 727 2210 435.)
740 2138 812 2219 qua
823 2113 972 2193 ratione
985 2140 1196 2219 congruam

190 2210 397 2397 ,ἔξω
420 2214 598 2326 ministrie
615 2214 922 2298 sustentationem
945 2218 1044 2297 velit
1061 2220 1196 2320 suppe-

317 2342 351 2399 θ.

620 2552 661 2661 ς.
688 2560 790 2638 nm

235 2732 371 2911 Aliqui
398 2804 582 2915 religiufi,
619 2828 656 2885 et
651 2803 854 2987 apponpehi
880 2796 951 2885 hoc
969 2802 1172 2912 priuilegio

621 2935 650 3013 g
726 2939 799 2987 en.

298 3154 509 3262 Religiosos
526 3175 565 3234 et
586 3150 791 3233 monachos
808 3151 855 3229 ad
872 3150 1038 3263 decimas
1056 3154 1102 3230 de
1119 3171 1195 3231 ter·

212 3256 267 3337 rie
290 3258 366 3339 suis
399 3261 594 3341 soluendae
622 3260 669 3335 de
688 3256 775 3333 iure
801 3277 924 3333 teneri
944 3256 1098 3331 dubium
1119 3277 1194 3332 non

213 3360 365 3441 estcan.
382 3382 421 3441 6.
439 3360 550 3441 XVI.
567 3357 752 3464 q.I.cap.
769 3382 807 3450 4.
824 3352 858 3433 t.
878 3374 906 3431 t.
924 3350 987 3433 sed
1007 3352 1101 3436 ficut
1121 3384 1195 3433 mo·

212 3466 346 3545 nactus
363 3464 532 3543 decimae
550 3469 660 3542 datae
680 3461 810 3550 fuere,
837 3460 893 3538 ita
911 3482 1061 3559 quoque
1079 3459 1196 3561 priui-

212 3564 314 3675 legia
341 3569 600 3669 exemptionis
624 3564 710 3669 ipsus
736 3568 824 3642 data
858 3562 965 3640 fuiffe
1001 3564 1193 3663 leguntur.

163 3684 176 3695 '
211 3672 310 3750 Tale
337 3672 582 3776 priuilegium
609 3670 688 3747 iuri
723 3665 916 3748 communi
948 3662 1132 3741 insertum
1170 3684 1193 3739 a

212 3772 433 3853 Pascunut
452 3780 500 3852 11.
518 3776 764 3853 ottinuerunt
776 3770 927 3849 ordines
936 3764 1102 3870 religiosi
1112 3790 1194 3842 can.

211 3896 274 3979 47.
291 3872 405 3954 XVI.
432 3904 466 3980 q.
492 3880 524 3957 Ι.
548 3883 656 3955 Haec
685 3896 813 3952 tamen
838 3870 1074 3974 indulgentia
1099 3870 1194 3945 adeo

207 3978 381 4059 liberalis
395 3984 441 4058 ab
469 3989 674 4057 Autumno
691 3982 756 4054 IV.
775 3998 815 4056 et
833 3987 1113 4055 ALEannuo
1132 3969 1192 4043 ΙΙΙ.

210 4079 254 4163 in
281 4110 364 4186 cap.
386 4110 439 4159 10.
460 4078 494 4159 h.
521 4104 547 4159 t.
576 4087 623 4158 ad
650 4106 775 4160 certos
804 4099 949 4157 tantum
977 4068 1194 4174 religiosm,

206 4211 350 4289 nempe
372 4184 424 4262 ad
440 4183 718 4283 Cisterciwsts,
760 4176 1025 4279 Templarios,
1061 4196 1099 4249 et
1115 4166 1198 4249 Ho-

196 4288 435 4393 spitalarios
453 4288 578 4389 postea
594 4286 762 4367 restridta
779 4284 871 4373 fuit,
908 4278 971 4356 sed
992 4298 1098 4356 tanta
1117 4302 1197 4351 mo·

206 4392 356 4473 naeuos
383 4390 518 4469 inuasit
544 4393 697 4470 fauores
734 4384 957 4491 pontificum
993 4376 1198 4497 ampliandi

206 4496 402 4603 cupiditas
420 4520 504 4601 cap.
528 4516 561 4583 ε.
578 4514 615 4573 et
637 4485 747 4571 uult„
771 4510 799 4593 t,
827 4508 873 4569 vt
896 4486 938 4565 in
961 4480 1116 4601 coneiltp
1139 4478 1195 4557 la·

501 4618 505 4625 ·
658 4604 742 4675 A··a
769 4608 838 4695 3.'
1094 4602 1148 4661 te·
