2784 5167
454 874 544 955 Pn
572 901 645 955 ns
678 880 759 955 ἨΙ.
1042 884 1119 989 4⁶7

131 1063 389 1165 attibusque,
425 1087 518 1163 quos
553 1064 719 1169 ponendi
752 1064 913 1141 facultas
938 1068 1122 1160 moralis,

135 1172 204 1245 vel
232 1168 391 1267 phyltca
418 1164 565 1243 homini
597 1168 753 1244 omnino
779 1167 830 1245 est
857 1173 1017 1247 ademta.
1068 1174 1122 1273 a.)

137 1276 247 1373 Quae
258 1266 492 1370 praestantur
509 1291 690 1368 tanquam
711 1274 833 1347 media
851 1275 895 1349 ad
916 1270 1027 1349 finem
1048 1300 1123 1353 ma-

134 1378 239 1465 lum,
269 1376 352 1457 leu,
381 1395 475 1470 quae
493 1371 646 1474 quidem
667 1374 848 1451 videntur
865 1375 1009 1478 aliquid
1037 1376 1122 1457 lici-

133 1500 221 1555 tum
238 1472 457 1564 intendere,
476 1472 595 1575 posita
619 1494 747 1552 tamen
770 1502 887 1578 praua
906 1478 1120 1580 hypothefi.

137 1574 198 1677 3.)
222 1578 287 1673 ¹De
312 1602 389 1669 re,
419 1574 582 1677 iureque
605 1580 749 1670 alieno,
779 1598 824 1656 vt
851 1578 928 1657 fine
956 1581 1122 1665 aliorum

134 1674 331 1771 laefione,
366 1697 406 1753 et
432 1677 667 1779 praeiudicio
698 1680 899 1783 adimpleri
923 1706 1122 1783 nequeant.
1233 1716 1235 1723 ·

135 1778 185 1859 In
202 1778 313 1857 malis
323 1780 511 1881 promiffis
526 1778 688 1879 rescinde
693 1780 833 1880 fidem,
859 1782 914 1859 ait
934 1787 1123 1866 lstuonvs

133 1886 446 1975 Hasaiuunsts,
473 1882 511 1958 in
536 1883 639 1986 turpi
663 1904 752 1961 voto
780 1904 885 1961 muta
908 1882 1123 1983 decretum,

135 1984 296 2091 quadiu
314 1984 423 2061 corde
444 1985 593 2083 venisti,
621 2014 666 2061 ne
674 1986 823 2083 jacias.
874 1984 1001 2093 Impia
1026 1991 1123 2069 enim

135 2088 188 2187 est
262 2086 418 2186 omiffio‚
455 2114 550 2188 qnae
567 2086 703 2187 scelere
729 2086 953 2191 adimpletur
982 2096 1063 2169 cun.
1084 2116 1122 2193 5.·

137 2218 172 2267 c.
200 2112 340 2267 ΕΧΙΙ.
358 2214 393 2290 q.
410 2210 446 2281 4.
498 2200 553 2281 a.)
579 2194 722 2270 Votum
739 2216 814 2267 non
834 2196 970 2269 debere
989 2194 1062 2271 elle
1072 2201 1121 2275 de

135 2314 183 2369 re
201 2293 355 2370 omnino
373 2289 627 2384 indifferenti,
654 2293 717 2369 l'ed
733 2288 780 2366 de
798 2290 914 2375 bona.
941 2296 1057 2371 immo
1076 2296 1123 2375 de

135 2392 286 2471 meh'ori
306 2392 438 2486 bono,
471 2396 629 2497 uulgata
653 2394 705 2470 est
736 2394 916 2493 loquendi
946 2395 1123 2475 formula.

136 2496 233 2575 Inde
251 2500 500 2587 concludunt,
511 2496 742 2601 regulariter
759 2522 835 2571 nun
846 2500 977 2575 valere
988 2518 1121 2577 votum

135 2598 374 2677 matrimonii
409 2604 457 2679 ob
489 2600 646 2678 Sinon.
684 2600 813 2675 Tutu.
844 2600 927 2700 [effi
961 2596 1120 2680 XXIV.

134 2726 221 2779 can.
241 2724 300 2777 10.

132 2902 216 2969 vid.
235 2904 358 2968 Gutta.
377 2907 427 2971 cit.
446 2922 466 2967 t.
486 2904 544 2967 vbi
562 2906 652 2989 plura
670 2908 708 2971 ad
736 2904 821 2970 hanc
847 2907 1005 2971 nuteriam
1024 2906 1123 2991 perti·

222 2991 333 3051 nentia
350 3002 464 3053 notatu
484 2987 656 3071 digniffima
677 3001 863 3055 occurrunt.
907 2990 1119 3053 Wmsnnutt

138 3136 146 3153 ‚
218 3069 1051 3167 lut.at·t.·1.n.9.Jeq.Encuult.t.15.nnio..

374 3452 377 3457 Ι
502 3334 541 3437 t.
567 3337 765 3413 ucxvu.

126 3524 282 3625 'Votum
303 3537 511 3644 generatim
533 3538 677 3643 obligat
691 3535 817 3641 adfici
841 3534 1122 3642 inultmentum.

227 3754 339 3836 Licet
356 3750 530 3853 vniutrsts
552 3748 706 3831 liberum
719 3744 775 3847 stt
793 3746 990 3827 arbitrium
1012 3748 1051 3827 in
1066 3776 1127 3829 vo-

141 3858 283 3953 venda,
309 3864 419 3961 tfijue
434 3874 527 3933 tadeo
549 3879 674 3930 tamen
687 3852 833 3954 solutio
857 3852 1056 3953 moestum
1076 3851 1129 3949 est

136 3966 202 4065 po'
250 3981 398 4053 votum,
427 3980 466 4033 vt
472 3960 556 4056 stne
572 3954 758 4059 propriae
764 3955 906 4057 fidutia
931 3953 1126 4059 dispendio
1218 4036 1229 4055 3

179 4062 257 4153 ¹iciti
273 4089 347 4137 non
364 4062 474 4139 liceat
491 4060 625 4158 refilite
640 4086 724 4163 cup.
744 4060 779 4134 6.
797 4052 832 4131 lt.
849 4076 876 4131 t.
913 4060 1010 4133 Nam
1039 4082 1128 4157 pro-

122 4164 261 4243 ·miffio
285 4166 331 4244 ab
360 4162 516 4242 homine
535 4160 741 4261 acceptata
758 4158 1027 4261 obligationem
1044 4184 1128 4263 pro·

137 4269 272 4370 ducit„
312 4272 415 4371 Ergo
438 4292 476 4345 et
495 4266 687 4370 promissio
705 4266 794 4343 Duo
819 4262 939 4350 latia,
968 4290 1053 4342 cum
1069 4286 1127 4340 ra-

92 4458 97 4463 ,
135 4370 195 4451 tiu
216 4392 255 4449 et
279 4372 469 4451 reuelatio
495 4376 541 4448 de
551 4369 822 4471 'acceptatione
845 4364 1020 4475 dubitate
1051 4390 1128 4443 non

135 4470 245 4557 finnt.
296 4477 345 4559 ,li
368 4474 532 4555 noluerit
552 4470 757 4579 polliceri.
801 4469 948 4553 decidit
970 4469 1126 4649 diluinus

571 4580 608 4657 G
633 4600 658 4683 g
686 4594 715 4654 a·
795 4578 800 4589 ’
912 4646 915 4659 .,
1039 4598 1074 4652 e·
