2784 5167
521 841 710 925 Pana
764 842 829 926 ΙΙΙ.
1111 875 1186 932 ara

191 1031 270 1098 Van
292 1034 415 1099 Errare
441 1032 497 1099 loc·
525 1033 576 1095 cie.
601 1054 666 1118 cap.
692 1032 743 1100 11.
760 1035 791 1117 §-
816 1047 846 1105 8·
863 1031 944 1116 seqq.
969 1035 1183 1108 Wrasrraara

261 1117 331 1200 doc.
350 1120 403 1184 cit.
420 1143 494 1186 num.
514 1138 565 1200 ιγ.
576 1117 658 1208 seqq.

556 1339 595 1445 §-
647 1337 836 1418 ccxcrr.

450 1568 568 1675 {Eam
595 1567 696 1645 eirea
715 1591 792 1644 rem
810 1563 930 1642 varia.

296 1787 360 1866 Ne
377 1786 501 1891 igitur
518 1784 678 1867 vniones
696 1783 775 1867 fine
791 1781 932 1882 caufis,
954 1804 1000 1868 et
1016 1785 1192 1894 praefidi-

204 1888 265 1971 brs
297 1889 432 1996 paffim
455 1887 720 1994 fingerentur,
745 1911 914 1972 erutum
936 1888 1016 1970 iam
1042 1893 1191 1998 pridem

205 1993 269 2079 est,
307 2019 358 2070 ne
382 1993 494 2071 aliter
520 1996 566 2070 de
590 1994 640 2072 iis
667 2019 871 2100 ageretur,
935 2017 1022 2072 uam
1043 1997 1191 2075 vocatis

222 2098 385 2190 timum,
413 2121 566 2198 quorum
582 2096 752 2198 interest,
779 2118 820 2176 et
834 2017 950 2197 cauis
960 2101 1096 2178 deinde
1108 2126 1192 2200 pro·

204 2121 244 2278 ie
265 2196 496 2275 examinatis
515 2202 742 2302 Ta11>.seffi
752 2197 836 2281 VII.
846 2227 893 2276 ca
921 2197 1191 2292 .6.dereform.

208 2299 295 2404 Reg.
313 2298 463 2379 cancell.
480 2297 525 2380 de
550 2302 749 2386 vnionibur
766 2301 811 2380 X
813 2225 920 2382 XM(
931 2328 1028 2406 quae
1047 2305 1190 2408 vbique

209 2423 351 2506 recepta
379 2404 445 2482 est.
522 2410 654 2510 [taque
684 2409 780 2486 vnio
812 2406 931 2486 eriam
965 2404 1194 2486 audioritate

211 2504 395 2616 pontificia
414 2505 531 2586 hodie
546 2507 633 2586 fieri
653 2511 828 2608 debetin
832 2509 975 2608 forma
990 2503 1193 2612 commisto·

211 2603 278 2706 ria,
305 2631 468 2718 cumque
495 2613 592 2692 haec
616 2611 823 2694 commiffio
853 2613 1031 2695 inuolvat
1057 2613 1190 2722 cogni·

213 2709 339 2790 tionem
365 2713 529 2810 causae,
568 2717 679 2796 debet
696 2717 793 2796 haec
822 2717 938 2824 dirigi
955 2719 1001 2795 ad
1022 2741 1087 2798 ear
1106 2743 1189 2824 per·

216 2811 328 2904 ionas,
356 2841 459 2998 <puae
475 2840 521 2900 vt
536 2817 683 2898 iudices
698 2843 722 2898 a
736 2819 823 2899 sede
840 2817 1043 2926 apostolica
1056 2821 1190 2927 inpar·

215 2915 300 2998 'tibus
325 2921 372 3002 de
389 2921 495 3028 egari
525 2919 684 3026 poisuna
755 2924 981 3002 Audiendus
1017 2945 1111 3030 ergo
1138 2923 1191 3004 est

213 3021 391 3128 episcopus
404 3082 416 3123 ,
453 3023 629 3126 aliusque
647 3015 818 3103 collator.
849 3023 1018 3104 Patroni
1041 3049 1191 3130 quoque

213 3123 397 3220 audiendi,
424 3128 503 3208 imo
524 3125 551 3206 fi
574 3125 726 3230 patroni
744 3123 833 3205 laici
851 3125 1016 3216 fuerint,
1044 3153 1120 3207 non
1138 3129 1193 3210 so·

213 3225 276 3306 lum
300 3233 483 3312 audiendi
499 3231 605 3326 sunt,
634 3229 697 3309 sed
713 3253 854 3324 eorum¹
865 3229 1059 3330 eoastnfiaa
1069 3255 1112 3309 re
1141 3231 1194 3310 ui·

213 3327 309 3414 titur.
358 3337 585 3414 ·Audiendus
613 3333 664 3414 est
713 3331 1009 3436 rincepr'populi
1024 3257 1192 3434 christia·

179 3469 182 3474 ·
214 3431 262 3530 ri,
286 3459 493 3544 rerumque
509 3436 667 3518 ecclesra
702 3437 844 3513 icarum
856 3435 1054 3532 defensor,
1084 3438 1193 3518 cuius

211 3535 379 3638 placitum
400 3567 440 3621 et
459 3543 501 3621 in
521 3541 594 3620 hac
613 3537 726 3620 causa
751 3538 922 3617 absolute
942 3537 1194 3621 necessarium

215 3637 263 3719 est.
312 3643 469 3748 Insuper
486 3645 723 3750 requiritur,
750 3665 795 3722 vt
814 3653 988 3746 patentes
1009 3639 1195 3726 beneficia

217 3747 449 3830 eoeleiiastica
466 3751 553 3829 aliis
570 3748 689 3842 vniri,
700 3746 920 3846 exprimant
937 3749 1193 3830 verumvalo·

217 3851 504 3932 remsecundum
524 3875 762 3932 communem
786 3847 1088 3930 aestimationem
1113 3871 1193 3932 tam

216 3945 402 4050 beneficii,
463 3982 551 4035 uam
565 3956 701 4050 illius,
738 3954 803 4034 cui
822 3951 929 4032 vniri
950 3951 1097 4058 petitur
1116 3975 1193 4056 reg.

216 4059 334 4140 cancel.
353 4061 415 4138 cit.
436 3979 653 4139 iomni'ous
671 4049 1192 4163 riteexaminatis,firgulis·

173 4225 183 4242 .
216 4177 297 4256 que,
318 4189 482 4270 quorum
503 4162 657 4243 interest
673 4159 834 4255 auditis,
862 4159 959 4238 vnio
975 4155 1099 4256 vtilis‘,
1125 4181 1192 4240 aut

216 4267 401 4368 neceffaria
422 4270 623 4372 adpareat,
652 4263 797 4372 poterit
813 4261 1012 4368 episcopus
1026 4263 1085 4344 ¹‘ad
1107 4289 1191 4346 earr

215 4376 428 4542 procedere,
456 4370 598 4451 etiamfi
630 4369 754 4453 didiae
772 4362 972 4458 ecclefiaa
1002 4389 1068 4449 aut
1084 4371 1194 4450 bede·

173 4573 177 4582 ¹
234 4474 285 4555 cia
300 4475 420 4556 effent
436 4473 796 4658 generaliterbvel
830 4470 1048 4576 specialiter·
1071 4477 1192 4556 reser-

749 4599 770 4654 a
1077 4605 1142 4656 ua·
