2784 5167
254 909 306 988 44
355 890 762 967 Ivrrrruuurrrrtu
787 883 1169 984 Eccuuaurncau,

142 1071 157 1101 ⁹
254 1095 317 1158 tus
343 1071 528 1175 tempori,
565 1073 664 1175 quod
689 1078 801 1179 supra
835 1070 908 1164 est,
944 1069 1236 1177 respondentes,

253 1177 294 1256 id
316 1174 389 1271 est,
417 1175 479 1254 vti
509 1176 623 1254 aliter
649 1177 873 1278 loquuntur.
896 1199 966 1277 pro
989 1197 1075 1254 rara
1090 1195 1236 1279 tempo·

251 1279 307 1362 ris
337 1276 539 1361 absentiae.
599 1275 736 1463 Mtte
772 1300 867 1384 opus
903 1276 977 1368 est,
1018 1299 1065 1356 vt
1116 1302 1236 1363 uenae

252 1382 359 1465 istius
382 1381 569 1460 sentent-ia
603 1380 670 1460 dec
729 1401 832 1475 etur,
878 1380 966 1482 quia
1000 1403 1048 1459 eu
1092 1381 1235 1463 cientia

251 1484 332 1567 iam
350 1496 440 1565 anr'e
454 1507 610 1565 tenetur
627 1489 754 1565 omnia
769 1483 1021 1566 ad‘fabricam·
1035 1480 1236 1578 eeclefiae,

185 1688 188 1692 ,
254 1590 322 1666 vel
346 1587 386 1666 in
418 1612 602 1691 pauperes
629 1588 817 1668 conferre.
868 1588 984 1769 <huod
1009 1584 1035 1666 fi
1065 1586 1236 1667 absentia

192 1692 195 1696 ’
252 1693 359 1769 vltra
383 1689 547 1794 spatium
571 1689 748 1772 semestre
771 1714 886 1791 proce
915 1689 1012 1782 erit,
1039 1689 1241 1773 redituum·

254 1792 371 1873 vnius
392 1793 591 1895 arripare
616 1814 758 1897 quarta
778 1808 895 1897 perit,
922 1791 1128 1874 fialterum
1144 1790 1240 1874 huic

253 1896 420 1998 tempori
422 1899 596 1998 semestre
613 1898 769 1977 accedat
778 1895 939 1976 alteram
955 1914 1134 1997 quartam
1141 1919 1236 1996 par·

256 2019 331 2074 rem
369 2022 414 2074 eu
446 1997 525 2099 ipso
558 1999 701 2079 iterum
729 1997 882 2077 amittit.
937 1993 1070 2094 P'ostea
1107 2017 1238 2080 autem

257 2096 450 2178 crescente
483 2099 722 2181 contumacia
747 2097 1026 2204 archiepiscopi
1056 2099 1130 2191 est,
1156 2119 1247 2179 tree-

256 2201 360 2281 intra
391 2202 534 2281 menses
566 2202 751 2283 summum
775 2201 995 2309 pontificem
1021 2203 1095 2284 hac
1121 2202 1170 2281 de
1194 2227 1243 2284 re

258 2303 469 2391 certiorem
487 2310 671 2402 reddere,
698 2309 806 2388 secus
828 2332 873 2386 eo
898 2307 977 2428 ipso
1005 2329 1166 2412 poenam
1182 2303 1254 2388 im„

261 2408 388 2496 currit
418 2407 604 2488 interdich
628 2411 671 2488 in
694 2413 891 2491 ecclesram
914 2409 1113 2518 ungreffus.

262 2614 380 2695 Turn.
390 2609 456 2694 ftffi
478 2608 536 2676 VI.
552 2632 613 2703 cap.
634 2608 661 2679 I.
671 2609 738 2705 seff.
757 2606 970 2717 XXIII.crp.
985 2609 1014 2675 1.
1029 2609 1063 2675 dt
1078 2614 1199 2696 reform.

645 2844 685 2954 t.
713 2852 850 2936 uxxr.

210 3078 213 3083 ·
262 3048 410 3138 Eodem
435 3077 483 3127 ao
497 3049 660 3155 episcopi
677 3047 925 3156 iure'resrdere
941 3073 1111 3136 tenentur
1126 3080 1245 3159 paro·

533 3152 592 3233 chi
618 3158 803 3263 cererique
829 3159 963 3242 curati.

348 3344 488 3426 Fadae
506 3350 721 3454 partitionis
746 3353 839 3430 ordo
858 3350 1042 3455 parochos
1069 3347 1147 3426 itm
1162 3362 1243 3422 tau·

289 3448 341 3542 it,
371 3450 562 3554 aliosque,
596 3458 660 3557 qui
684 3476 816 3535 curam
844 3454 1057 3531 animarum
1092 3463 1241 3555 gerunt.

308 3575 352 3628 os
370 3576 463 3631 vero
479 3554 628 3652 eadem,
654 3581 751 3659 quae
770 3555 963 3659 episcopor
977 3548 1162 3631 resedendi
1177 3545 1243 3625 lex

263 3650 423 3760 stringit.
476 3658 633 3738 Praeter
651 3670 890 3763 argumenta,
917 3681 1012 3758 quae
1039 3655 1245 3754 utriusque

262 3756 475 3836 communia
491 3759 595 3846 sunt,
622 3785 673 3838 ex
685 3761 915 3839 abundantia
928 3760 1089 3866 quadam
1101 3775 1243 3834 nouam

263 3883 318 3937 ex
343 3860 638 3943 Turneurmo
670 3863 1026 3942 demonstrationem
1060 3855 1262 3959 addimur<

264 3962 365 4041 lllud
393 3985 488 4042 vero
516 3985 721 4069 praecepto
755 3963 884 4045 diuino
908 3961 1135 4042 'mundatum
1173 3953 1245 4055 effe

266 4063 436 4144 omnibus
460 4070 573 4147 docet
589 4071 661 4147 loc.
685 4068 749 4148 cit.
776 4070 909 4173 quibus
924 4067 1132 4145 animarum
1152 4083 1248 4137 cura

266 4168 454 4269 commista
469 4172 539 4270 est,
564 4199 653 4250 ouer
661 4175 760 4273 ficar
776 4176 990 4276 agnoscere3
1011 4196 1088 4273 pro
1111 4160 1249 4262 hirst!-

268 4267 444 4367 crificium
467 4273 624 4371 offerre,
656 4274 827 4379 verbique
851 4272 971 4352 diuini
990 4267 1253 4377 praedicaete-

268 4398 333 4464 ηε,
350 4375 672 4475 sacramentorum
694 4373 1034 4475 administratione,
1062 4400 1109 4449 ac
1129 4367 1250 4479 bonu·

260 4498 355 4566 rum
373 4501 527 4582 operum
543 4477 713 4588 exemplo
723 4483 901 4587 pascen,
919 4499 1132 4585 pauperum
1155 4465 1250 4545 alta·

1100 4596 1197 4652 rum·
