2784 5167
538 880 852 969 Paulli.
1114 909 1191 996 342

192 1074 357 1143 cetemm
379 1071 495 1161 negari·
515 1086 580 1145 non
600 1072 726 1159 potest,
749 1084 783 1139 et
799 1070 994 1161 pontificum
1011 1088 1046 1144 et
1070 1080 1194 1168 eplsco·

284 1176 404 1245 potum
417 1154 608 1223 auctoritate
618 1162 825 1242 plurimarum
837 1159 1040 1227 ecclesiarum
1052 1163 1193 1239 deciman

207 1242 211 1249 '
286 1244 327 1307 ad
345 1238 529 1308 monasteria
545 1256 580 1307 et
605 1245 747 1327 capitula
772 1241 941 1320 transiisse,
964 1258 1005 1313 vt
1027 1266 1109 1331 argo
1133 1244 1194 1333 ple·
1266 1248 1268 1252 ’

283 1330 386 1421 rosque
407 1326 563 1392 laicorum
581 1326 768 1395 liberalitati
789 1328 940 1395 debeant.

524 1544 564 1649 5.
594 1550 874 1631 CCCCLXXV.

291 1752 364 1831 Cui
378 1750 607 1881 deuplutioni
625 1780 717 1834 mox
731 1754 870 1835 limitet
881 1754 997 1863 pofiti
1008 1759 1112 1860 fiant.

285 1929 434 2009 verum
448 1928 522 2007 hac
543 1928 694 2007 ratione
714 1954 787 2007 non
808 1926 978 2012 ecclesiis
991 1922 1194 2048 parochia·

202 2028 331 2125 libais,
356 2048 396 2109 et
413 2028 673 2111 sacerdotibus
701 2030 916 2133 spiritualia
950 2027 1193 2110 mmislranti-

207 2132 491 2217 buarenitutae
501 2133 596 2212 sunt.
624 2134 727 2236 Ergo
744 2137 911 2217 reslriila
928 2135 1056 2235 aliquo
1069 2156 1194 2237 vsque

208 2226 290 2335 filit
302 2234 397 2317 haec
412 2236 647 2316 decimarum
665 2238 713 2311 ad
730 2237 973 2320 monasteria.
994 2256 1034 2312 et
1049 2237 1193 2338 capitu·

205 2340 250 2419 la
266 2332 484 2429 laudatio,
510 2359 550 2419 et
567 2335 737 2437 pluribus
764 2340 804 2419 in
822 2334 974 2439 synodis
992 2340 1193 2415 decretum

209 2442 289 2541 est,
314 2438 626 2540 monasteriastae
648 2444 823 2543 consensu
844 2438 1008 2544 episcopi
1028 2439 1196 2517 decimas
1229 2488 1232 2497 ·

207 2544 386 2651 accipere
402 2570 478 2623 non
490 2541 602 2646 posse.
654 2542 851 2645 Exiguum
866 2565 995 2623 tamen
1018 2538 1196 2621 effetum

210 2644 381 2727 hasaoere
393 2671 577 2735 canones,
592 2670 686 2763 quoa
703 2646 771 2752 ipsi
788 2646 972 2752 episcopi,
994 2662 1034 2721 et
1050 2642 1198 2721 romani
1230 2688 1235 2703 .

203 2746 410 2857 pontifices
423 2746 490 2828 sua
509 2749 697 2829 facilitate
726 2756 994 2858 neglexerunt.

213 2936 284 3043 Cap.
301 2972 334 3033 2.
350 2956 384 3019 de
397 2952 499 3042 priuis.
520 2953 623 3019 concil.
642 2956 805 3037 lateroneafi
825 2954 878 3042 sab
893 2955 1034 3026 innocent.
1052 2955 1118 3028 ΙΙΙ.
1135 2976 1199 3025 cm.

297 3040 343 3103 61.
359 3061 422 3128 cap.
440 3054 471 3118 2·
489 3039 522 3103 de
537 3036 602 3119 iis,
624 3061 692 3128 quae
705 3040 781 3121 stlat
797 3064 815 3104 a
829 3041 922 3128 praei.

512 3281 552 3386 ς.
579 3256 877 3361 cccctxxvi

342 3554 345 3559 .
475 3480 719 3565 Decimarum
744 3482 924 3587 definitio.

212 3664 233 3763 ᾗ
297 3656 409 3741 Haec
426 3660 474 3738 de
490 3658 659 3765 origine,
685 3678 726 3739 et
742 3657 833 3737 satis
852 3656 1083 3739 decimarum
1102 3656 1203 3738 solli·

213 3758 331 3843 ciant.
387 3762 526 3840 Earum
545 3782 722 3839 naturam
744 3759 771 3838 st
797 3758 1093 3849 confideremus,
1120 3764 1201 3843 vir·

211 3882 299 3951 tate
323 3864 476 3968 quidem
506 3864 672 3943 nominis
702 3860 889 3943 decimam
924 3887 1071 3965 partem
1098 3863 1200 3947 stuc·

213 3966 327 4055 tuum
347 3966 467 4046 alicui
484 3964 786 4069 praestandorum
804 3960 1034 4070 significant:
1062 3990 1202 4049 verum

212 4092 304 4151 cum
329 4069 531 4172 praestatio
551 4069 646 4146 haec
666 4070 866 4145 admodum
891 4069 1048 4147 variare
1064 4068 1202 4169 soleat,

212 4190 257 4249 et
273 4175 387 4252 modo
404 4199 528 4264 nona,
551 4173 665 4247 modo
686 4169 855 4263 decima,
892 4172 1004 4247 modo
1028 4174 1202 4257 duodeci-

213 4298 300 4361 ma,
327 4278 440 4356 modo
466 4276 582 4353 etiam
602 4272 783 4377 vigesima
808 4296 896 4372 pars
920 4275 1115 4375 pendenda
1137 4303 1204 4362 ve.

213 4376 318 4471 aiat,
345 4380 482 4458 deinde
498 4376 602 4456 varii
621 4379 826 4457 earundem
844 4372 953 4464 vius,
977 4378 1078 4456 varii
1091 4380 1202 4467 iuxta

210 4476 433 4584 podeffoxes
442 4536 456 4581 ,
477 4480 613 4563 variae
630 4480 751 4577 otiam
767 4476 809 4559 iu
826 4476 1007 4563 vniuersa
1022 4482 1203 4664 fficlesn,

328 4618 333 4627 ·
1070 4611 1153 4667 uer·
