2784 5167
550 843 741 930 Parra
791 846 855 924 111.
934 798 1019 882 q·

620 1007 661 1171 ς.
687 1066 768 1143 cv,

342 1266 460 1370 Quod
475 1264 703 1374 antiquitati
713 1267 802 1370 fuit
826 1268 1064 1375 incognitum.

170 1560 173 1564 .
294 1483 397 1560 Haec
415 1481 566 1583 quidem
583 1478 853 1563 beneficiorum
868 1482 1002 1564 diuifio
1018 1484 1188 1589 antiquis
1238 1510 1241 1515 ·

217 1585 376 1671 iuaudua
392 1584 489 1671 fuitr
514 1612 597 1665 tum
612 1591 717 1665 enim
732 1588 808 1667 alia
824 1590 1078 1682 excellentia,
1099 1591 1191 1666 emi·
1243 1654 1246 1661 .

209 1690 331 1772 nentia
355 1690 432 1766 alla
461 1688 563 1767 haud
585 1691 831 1786 noscebatur,
858 1692 927 1772 nisi
952 1716 1067 1798 quam
1087 1692 1191 1768 ordi·

202 1820 291 1875 uum
320 1790 521 1871 diuerlitas
557 1795 724 1875 dederat.
778 1797 914 1897 Neque
938 1815 1022 1875 tum
1050 1795 1186 1877 etiam.

183 1922 319 2082 gluum
352 1895 473 1973 vitam
507 1898 681 1977 canonici
721 1922 962 1978 communem
1005 1916 1183 2002 agerent,

224 2000 419 2105 gnitate,
446 2020 486 2086 et
500 1999 723 2103 personatus
747 2003 901 2082 nomina
919 2003 958 2079 in
985 1999 1182 2079 beneficiis
1287 2064 1289 2069 .

193 2103 506 2204 reponebantur3
533 2102 597 2178 sed
617 2107 715 2180 nuda
733 2126 841 2184 erant
860 2102 987 2181 officia
1009 2128 1060 2182 ex
1079 2103 1182 2204 supe·

193 2210 351 2286 riorum
368 2206 581 2290 voluntate,
608 2227 644 2282 et
661 2227 757 2282 nutu
774 2206 988 2304 pendentia.
1038 2209 1183 2281 Verum

199 2304 499 2384 communitur
526 2308 680 2384 viuendi
706 2310 854 2386 ratione
878 2308 1044 2396 sublata,
1070 2306 1187 2382 intro·

200 2403 405 2505 diuisque
431 2405 617 2486 beneficiis
638 2429 848 2512 coeperunt
872 2433 940 2492 ea,
967 2431 1063 2507 quae
1089 2405 1190 2507 spec·

195 2532 282 2592 tata
305 2508 453 2613 origine
475 2511 661 2589 duntaxat
686 2513 844 2592 fuerunt
867 2513 966 2587 nuda
989 2506 1188 2611 officiaiu

197 2608 337 2692 titulos
351 2608 580 2709 beneficiales
599 2615 719 2719 erigi,
747 2639 786 2692 et
801 2607 933 2692 sensim
946 2610 1062 2692 etiam
1080 2603 1189 2687 indi·

195 2714 370 2818 gnitatts
397 2715 618 2815 praesertim
638 2719 676 2793 in
701 2719 960 2795 Germania·
984 2712 1189 2818 degenera-

198 2842 268 2910 re,
295 2816 362 2894 vbi
387 2819 518 2897 clerici
545 2819 753 2897 maioribus
785 2816 977 2898 eminendi
996 2812 1190 2894 desideriis

199 2920 300 3010 acii,
327 2943 403 2995 non
422 2946 491 3022 pro
500 2923 675 2998 ordinum
691 2923 847 3026 vtique,
872 2939 912 2998 et
931 2917 1192 2999 fundionum.
1288 2974 1296 2983 -

163 3083 165 3087 «
199 3022 268 3104 sed
305 3024 468 3127 quadam
507 3024 779 3103 iurisdictionis
813 3022 1072 3129 magnitudine
1111 3018 1201 3102 sese·
1283 3043 1286 3048 ·

199 3123 345 3206 efferre
365 3124 592 3232 satagebant.
621 3126 878 3226 Perfhnntur,
897 3125 964 3233 qui
990 3147 1043 3219 ex
1063 3124 1192 3201 laben-

198 3227 259 3309 tia
287 3225 507 3328 disciplinae
533 3229 657 3309 ruinis
688 3229 878 3320 surrexit,
906 3247 994 3314 ante
1016 3225 1190 3311 seruum

201 3336 275 3414 Xl.
294 3331 460 3439 ignotus.
566 3397 571 3411 ,

200 3539 300 3605 vin
318 3537 436 3600 usian
454 3536 511 3601 loc.
529 3535 580 3599 cit.
623 3536 715 3600 quat
731 3535 884 3603 hocloco
899 3537 1035 3622 aliquam
1059 3533 1197 3616 dignita·
1250 3587 1253 3594 .

181 3646 191 3667 ·
290 3632 358 3687 tum
375 3621 486 3684 obiter
501 3622 646 3686 notitiam
673 3620 779 3697 dare,
801 3640 882 3704 quae
906 3638 966 3704 pro
983 3616 1190 3685 ecclesiarum

287 3715 356 3770 tum
373 3703 626 3777 cathedralium,
647 3718 715 3768 tum
731 3704 972 3788 collegiatarum
991 3697 1194 3768 conllretudl·

285 3806 327 3854 ue
347 3800 416 3850 erat
442 3789 539 3850 varii.
584 3788 979 3875 Plerumque'digniorem
1000 3789 1033 3851 in
1061 3785 1186 3855 cloto.

213 3884 224 3920 Ι
285 3871 606 3954 congregationibus,
627 3874 723 3938 sacris
741 3873 991 3956 procerioribus
1007 3871 1117 3935 locum
1141 3863 1192 3928 ad·

287 3952 415 4029 ierunt,
437 3954 701 4021 interdumetiam
711 3954 847 4020 vestium
864 3956 1044 4021 discrimine
1058 3954 1192 4016 noscun-

286 4047 359 4116 tur,
383 4040 575 4123 pierumque
590 4039 708 4122 opimis
725 4040 757 4101 se
774 4041 932 4105 reditibus
952 4031 1188 4100 commendant.

286 4122 371 4187 Sunt
387 4141 471 4185 vero
487 4124 663 4198 diatritam,
686 4123 745 4184 vel
761 4122 967 4207 capitulanda,
993 4116 1051 4181 vel
1068 4115 1195 4197 ecclesia·

285 4224 350 4268 runi
366 4203 577 4271 cathedralium.
621 4204 677 4272 ad
694 4205 821 4285 priores
838 4204 1038 4274 referuntur:
1059 4200 1196 4288 Praepo·'

277 4289 530 4370 st1u5‚dtcairut‚
552 4304 666 4362 cautor,
689 4286 888 4367 dicitlicit,
910 4282 1118 4373 riefiiurariuf,
1140 4305 1189 4350 cu·

287 4371 422 4455 ironicus,
449 4373 619 4456 theologus:
647 4371 686 4437 ad
715 4370 928 4454 posteriores,
950 4366 1189 4446 archidiaconus,

285 4454 537 4548 “ciipresbyttn
555 4455 810 4620 poenifiuriarius,
831 4455 987 4544 officialis,
1016 4470 1044 4519 et
1061 4451 1192 4522 vicarius

694 4565 717 4650 3
1099 4559 1148 4619 δ’
