2784 5167
192 890 250 986 64
300 894 724 972 Innitunvnnumu
743 880 1148 975 Romanunm,

572 1112 630 1219 e.
670 1116 804 1198 xcix.
854 1208 859 1217 ,
911 1164 915 1179 .

240 1326 395 1412 Eadem
410 1323 595 1404 bonorum
613 1319 743 1424 diuifio
772 1320 907 1428 ubique
920 1342 1074 1431 recepta
1092 1316 1155 1423 est.
1201 1386 1203 1391 .

282 1538 394 1614 Haec
421 1530 588 1715 §iorum
625 1529 823 1609 redituum
867 1534 1027 1640 partitio
1058 1533 1196 1639 seculo

191 1644 334 1740 sexte,
361 1658 402 1717 et
450 1635 569 1737 uobzts
582 1633 891 1739 consequentibus
909 1664 985 1719 non
1003 1642 1106 1744 apud
1123 1640 1200 1719 ita·

195 1743 256 1824 lot
273 1745 415 1834 modu,¹
443 1762 484 1819 et
500 1735 658 1842 gallos3
682 1763 825 1817 verum
848 1741 968 1849 etiam
990 1740 1201 1849 lu'ftianoe,

196 1872 237 1927 et
253 1844 459 1950 germanos
483 1869 565 1919 cum
581 1867 673 1917 rom.
690 1840 941 1943 pontificum,
966 1868 1052 1927 tum
1077 1845 1204 1926 conci·

196 1950 332 2029 [iorum
357 1973 477 2052 opera
505 1945 727 2024 continuata
754 1948 841 2025 fuit.
920 1952 1097 2055 Cumque
1125 1950 1201 2031 illa

195 2053 463 2160 episcoporum
487 2045 716 2129 audioritate
744 2049 909 2130 stabilita
928 2052 1078 2160 sumit,
1099 2079 1205 2133 nun·

195 2183 315 2263 quam
332 2179 395 2233 res
415 2149 681 2233 ecclesiasticas
695 2152 932 2258 dispensandi
950 2155 1113 2261 potestas
1133 2182 1207 2237 eo·

195 2287 284 2340 rum
303 2256 478 2336 manibus
487 2253 656 2334 excidit:
674 2257 740 2357 qui
760 2260 869 2336 i'uum
886 2260 981 2339 adeo
996 2250 1070 2338 eise
1089 2278 1210 2365 puta·

185 2367 348 2465 *bant,vt
355 2361 420 2441 sub
419 2357 542 2460 seculi
557 2357 625 2439 VI.
633 2359 791 2442 initium
801 2364 997 2466 praediola
1006 2364 1211 2469 quaedam·

154 2507 158 2517 ·
195 2469 284 2549 iure
312 2460 545 2568 usnniutius
557 2488 634 2540 non
658 2466 815 2546 clericis
834 2487 1006 2560 tantum,
1038 2464 1105 2545 sed
1129 2467 1209 2547 lai·

198 2571 255 2652 cis
273 2570 391 2650 etiam
411 2566 688 2659 concederent,
716 2590 761 2645 ea
783 2593 911 2648 tamen
928 2570 1033 2677 lege,
1061 2588 1110 2648 vt
1137 2592 1213 2651 ec·

196 2673 352 2755 'clefiam
370 2672 519 2772 semper
538 2671 722 2746 bonorum
742 2670 900 2749 istorum
920 2673 1209 2783 dominamag·

197 2778 423 2866 noscerent,
446 2775 508 2877 ¹ad
527 2796 642 2874 quam
672 2772 789 2853 etiam
811 2797 966 2854 mortuo
995 2770 1209 2881 poffeffone

195 2906 286 2960 cum
306 2878 481 2958 omnibus
498 2873 771 2957 acceffionibus
789 2901 828 2957 et
844 2879 941 2959 statu
957 2877 1122 2957 meliore
1138 2904 1204 2961 re-

194 3003 409 3064 uertentur.
464 2985 707 3083 Quamquam
725 3008 823 3062 vero
839 3009 917 3061 non
932 2979 1001 3061 nist
1011 2980 1202 3088 grauibus

196 3091 243 3166 de
273 3086 393 3168 causis
420 3088 721 3190 repetebantur,
762 3085 1038 3166 irreuoeabilia
1063 3086 1199 3183 tamen

195 3190 345 3273 censeri
363 3218 438 3268 non
457 3207 653 3296 poterant:
680 3214 807 3293 neque
828 3190 932 3268 enim
950 3188 1064 3269 certis
1081 3178 1199 3273 vnitt
1225 3198 1242 3215 '

195 3296 336 3377 officiis
353 3317 484 3388 erant,
519 3291 584 3371 sed
609 3296 787 3388 precario
814 3297 1059 3379 tenebantur;
1089 3296 1195 3387 vnde

193 3399 284 3507 ipfis
300 3396 454 3506 quoque
470 3396 567 3476 haee
578 3415 668 3473 nata
678 3393 766 3477 sunt
777 3397 1196 3502 nominaprecatoriat',

189 3505 412 3613 precariae:
439 3523 480 3581 et
496 3503 584 3602 quia
604 3498 714 3577 vitae
724 3501 933 3582 neceffaria
948 3496 1213 3605 praestarem..

195 3607 313 3686 etiam
324 3606 564 3712 praestariae
587 3600 828 3686 dicebantur.
889 3607 954 3683 Ad
968 3605 1043 3685 hoc
1071 3630 1197 3717 usque

195 3736 338 3791 aevum
353 3727 578 3800 recurrunt,
604 3710 667 3810 qui
683 3707 958 3790 beneficiorum
979 3696 1198 3795 ecclesiasti·

196 3839 332 3896 corum
353 3813 625 3917 antiquitatem
643 3811 916 3892 determinant:
953 3838 1118 3918 quorum
1136 3815 1196 3897 vi·

195 3918 340 4000 delicet
384 3917 585 4024 quamdam
637 3917 864 4020 imaginem·
893 3919 935 4000 in
972 3918 1197 4001 minusculis

195 4025 273 4108 hoc
301 4044 422 4131 genus
447 4018 614 4126 praediis
639 4019 872 4127 deprehendi
895 4046 971 4101 non
996 4021 1196 4108 immerito

195 4128 384 4218 sentiunt.¹

202 4362 373 4426 Tnonns.
392 4356 432 4424 P.
443 4356 509 4428 111.
525 4360 599 4431 Lib.
618 4357 668 4429 ΙΙ.
683 4381 745 4441 cap.
760 4376 808 4439 14.
817 4369 898 4446 Jeqq.
909 4360 1111 4429 Sunacnve
1126 4380 1199 4450 pap.

283 4441 362 4526 epist.
395 4444 434 4504 V.
458 4448 580 4511 relatus
604 4463 623 4508 a
651 4446 806 4512 Gratiano
829 4448 902 4527 caefi
922 4443 1018 4510 XVI.
1039 4468 1067 4531 q.
1087 4443 1120 4518 1.
1134 4468 1198 4513 tan.
1236 4454 1242 4465 “

285 4530 802 4600 61.Couc,1e.Autnunns.can.
815 4528 1199 4683 V11.XXII.X1)fI)sssI.
