2784 5167
192 850 715 1017 5141vn1si’nvnnnntaa
741 889 1140 981 Ecctnstaantcan

539 1088 570 1190 5.
624 1084 794 1162 DCXCI.

327 1298 482 1404 Hisque
502 1290 588 1371 iura
602 1308 709 1372 certa
726 1285 937 1391 constituta
945 1294 1059 1395 sunt.

278 1514 363 1591 Ac,
389 1527 437 1579 ne
453 1498 572 1605 gratis
601 1522 759 1603 operam
786 1494 883 1575 fuam
915 1498 1193 1594 praestarent,

196 1631 305 1693 certa
323 1604 409 1711 ipsas
424 1606 510 1681 iura
527 1599 730 1680 constituta
750 1597 856 1693 sunt,
879 1594 941 1675 sen
966 1598 1082 1679 hisce
1115 1628 1194 1681 non

192 1712 364 1797 contenti
384 1710 481 1785 bona
505 1702 748 1783 ecclefiarum
769 1702 969 1793 inuadere,
992 1724 1032 1781 et
1061 1706 1195 1783 variis

193 1811 456 1923 praetextibus
472 1809 558 1886 iura
576 1804 642 1883 sua
658 1828 804 1905 augere
830 1828 1043 1907 coeperunt.
1090 1808 1192 1887 Ideo

115 1918 118 1925 ’
201 1920 425 2019 frequentes
436 1929 816 2012 occurruntpropter
833 1908 904 1986 hos
924 1906 1186 2011 excessusque·

197 2024 313 2098 telae.
368 2020 540 2115 Cumque
558 2009 650 2089 teste
678 2009 948 2113 experientia,
984 2036 1105 2119 neque
1128 2037 1187 2090 ta·

195 2143 338 2211 noma,
366 2142 489 2217 neque
502 2114 722 2293 principum
742 2112 889 2207 edint,
918 2140 1044 2217 neque
1066 2114 1188 2193 funda-

196 2242 328 2302 torum
343 2222 450 2323 leges
458 2218 498 2296 su
531 2218 943 2321 tcerentquorumdam
958 2219 1118 2297 iniurias
1133 2244 1190 2296 co·

76 2396 79 2403 .
198 2350 356 2418 arcere,
382 2326 536 2401 tandem
553 2316 734 2399 ecclefiae
752 2322 964 2423 pleraeque
981 2321 1099 2399 variis
1117 2348 1184 2399 nte·

196 2430 255 2508 dis
286 2448 326 2504 et
344 2423 561 2531 priuilegiis
589 2425 635 2503 ab
658 2423 887 2504 aduocatiae
917 2424 1010 2532 iugo
1030 2424 1180 2507 liberare

195 2531 237 2615 fe
256 2533 491 2611 studuerunt.

183 2782 283 2880 ‘Cap
299 2802 351 2862 23.
369 2780 403 2845 h.
422 2790 447 2845 t.
464 2778 645 2847 Manain.
666 2780 828 2849 Maean.
845 2783 883 2848 de
901 2782 1023 2850 adnutu
1039 2768 1128 2845 urina.

591 3021 776 3102 DCXCIL

190 3180 274 3307 'Ius
284 3240 521 3329 patronatus
536 3220 596 3323 I.)
622 3226 673 3325 est
690 3226 969 3332 ecclestasticum
991 3248 1030 3311 et
1049 3223 1172 3309 laicum.

79 3510 84 3517 ,
287 3426 428 3508 Multis
443 3430 581 3510 seculis
599 3426 715 3513 nnius
740 3436 932 3513 duntaxat
953 3433 1104 3542 generis
1127 3426 1174 3505 ὶω

195 3551 435 3637 patronatus
452 3532 546 3625 suit,
585 3562 708 3641 neque
732 3532 956 3616 differentia
983 3540 1065 3618 vlla
1089 3536 1175 3613 inter

200 3633 476 3731 eccltfiustieum
506 3658 545 3713 et
567 3636 703 3717 laicum
724 3640 766 3718 in
790 3640 962 3741 antiquis
987 3638 1174 3721 canonibus

199 3738 264 3813 vel
282 3740 540 3815 lvsntutaut
559 3742 725 3821 nouellis
740 3764 841 3819 nota.
887 3742 963 3821 Sed
976 3734 1172 3825 senstmnon

196 3856 276 3918 tarn
298 3866 463 3932 canone,
490 3866 601 3943 quam
620 3841 891 3924 consuetudine
919 3847 1107 3939 inualuit,
1137 3862 1172 3917 vt

202 3943 453 4048 distinguatur
470 3966 678 4060 patronus,
706 3972 778 4026 nec
799 3973 880 4024 non
899 3950 963 4028 ius
981 3954 1018 4027 ei
1046 3974 1118 4028 con

197 4066 283 4125 tens
302 4047 343 4124 in
360 4044 633 4147 eccltssusticum
656 4072 696 4129 et
723 4048 885 4132 laicum.
915 4078 1080 4155 quorum
1095 3972 1171 4129 iffi

198 4150 359 4241 dicitur,
389 4154 488 4251 quod
503 4155 571 4229 vel
587 4159 734 4233 ratione
754 4152 958 4246 ecclestae,
992 4150 1171 4255 veldigni·

200 4254 314 4370 tatis,
340 4251 405 4330 seu
427 4256 602 4333 beneficii
629 4259 835 4360 competit,
861 4266 1045 4358 quamuis
1064 4254 1172 4341 forsan

198 4356 298 4472 allud
312 4383 340 4473 'a
358 4358 460 4437 laico
478 4360 654 4461 primitus
670 4364 860 4469 originem
872 4364 1039 4463 habeat,
1057 4362 1172 4472 quide

199 4461 289 4537 tnde
307 4460 347 4535 td
363 4463 428 4540 vel
447 4464 582 4544 vltima
600 4468 822 4563 voluntate,
852 4470 922 4545 vel
940 4472 1061 4553 etiam
1078 4466 1171 4549 titulo

612 4608 616 4617 .
1082 4596 1131 4651 ln·
