2784 5167
1141 656 1144 663 .

557 835 593 918 P
618 862 648 913 A
675 850 751 906 Μ
800 832 865 916 lll.
1105 841 1182 953 ⁶³3

489 1023 528 1131 ς.
577 1023 884 1105 Dcccuxvnu

450 1237 503 1333 ι.)
530 1230 640 1311 Loca
655 1229 736 1309 alia
754 1230 940 1334 religioso.

146 1492 154 1499 -
282 1439 486 1519 Praeterea
511 1440 598 1517 iure
626 1435 724 1537 asyli
746 1440 911 1542 gaudent
937 1439 990 1539 α.)
1015 1437 1100 1519 loca
1126 1467 1184 1520 re·

193 1541 349 1647 ligiofiz3
376 1541 435 1622 vti
452 1542 674 1623 monasteria
694 1565 780 1617 cum
798 1543 972 1619 omnibus
998 1544 1185 1641 domibus,

197 1670 239 1728 et
262 1644 561 1727 habitationibus
578 1641 803 1721 canonicare
825 1644 991 1747 episcopi
1020 1647 1184 1736 ereffls,

197 1776 285 1831 cum
303 1750 600 1852 aequiparentur
627 1741 806 1823 ecclesris.
861 1747 928 1825 Vti
957 1771 997 1827 et
1023 1755 1079 1851 3.)
1105 1749 1186 1830 alia

192 1850 369 1950 aedificia
390 1849 615 1928 auctoritate
642 1845 763 1947 eccless
786 1850 835 1926 ad
861 1849 1091 1948 charitatis,
1118 1852 1187 1931 mi·

194 1954 427 2036 sericordiae
445 2012 457 2049 ‚
483 1977 524 2032 et
539 1954 735 2060 religionis
750 1978 867 2056 opera
884 1953 1076 2036 destinata.
1129 1956 1200 2034 ln·=

196 2059 245 2135 de
267 2062 329 2161 4)
357 2057 610 2138 coemeterium
635 2054 814 2136 ecclesiae
852 2059 1071 2152 adiectum,
1105 2056 1187 2139 siue

197 2159 245 2240 ab
262 2162 558 2264 inseparatum,
583 2162 694 2238 modo
711 2160 941 2240 auctoritate
966 2160 1184 2242 ecclesiasti·

194 2288 242 2343 ca
265 2267 312 2343 ad
330 2264 564 2368 sepulturam
586 2260 759 2341 fidelium
780 2259 824 2342 fit
853 2263 1098 2362 destinatum,
1125 2291 1187 2345 ea·

194 2369 284 2446 dem
300 2369 542 2448 immunitate
561 2364 750 2474 gaudebit.

199 2552 269 2622 Can.
286 2576 337 2620 nr.
356 2554 469 2625 XVII.
485 2578 514 2640 q.
531 2552 593 2620 IV.
617 2553 696 2617 rubr.
723 2547 751 2613 l.
775 2565 798 2615 t.
825 2548 923 2614 donus
948 2553 1076 2638 episcopi
1097 2559 1185 2622 inter

277 2641 356 2704 loca
377 2640 528 2706 immunia
558 2648 739 2703 numeratur
764 2635 797 2700 in
822 2657 883 2700 cun.
915 2646 963 2714 36.
991 2635 1062 2706 ibid.
1117 2638 1186 2708 Sed

197 2724 209 2745 ⁸
279 2726 513 2790 consuetudine
528 2720 637 2807 pauiu
653 2727 821 2802 receptum
839 2719 907 2789 est,
930 2731 972 2783 vt
988 2719 1110 2788 tametli
1141 2726 1187 2788 ln·

280 2818 328 2870 tra
346 2827 404 2881 40,
425 2820 479 2870 aut
496 2826 546 2883 30.
564 2803 667 2888 passus
684 2799 910 2866 ulosexuuttu
927 2799 986 2872 stt,
1007 2803 1185 2871 hacirnnru·

281 2894 382 2954 nitate
400 2910 468 2961 non
485 2891 632 2971 gaudeat
675 2884 767 2952 Idem
782 2886 825 2955 de
840 2883 953 2950 aeduus
967 2885 1186 2974 parochialibue

283 2970 457 3040 dicendum
479 2972 622 3042 videtur.

257 3173 343 3260 nu
374 3169 681 3278 Punsoan,
720 3169 805 3258 un
839 3167 1127 3282 nunionis,
1254 3284 1257 3291 ¹
1304 3134 1306 3143 ’

373 3288 520 3394 ovnu
545 3287 717 3368 Asuuo
745 3287 1013 3366 oavuunr.

526 3490 567 3594 ς.
618 3493 882 3601 ncceuxnr,

204 3696 534 3804 Conrfugienterad
540 3695 722 3796 ecclefiam
740 3692 931 3796 christiani
946 3694 1191 3797 afflojruun·

292 3824 376 3900 tur,
404 3827 700 3908 quorumcunque
726 3799 919 3880 crieninum
933 3801 1103 3904 reifunt'.

288 4006 352 4086 Illi
369 4027 516 4087 tantum
534 4005 640 4109 asylo
651 4007 900 4090 eccleliallico
918 4008 1104 4118 gaudent,
1124 4003 1192 4109 qui

203 4110 253 4188 ad
271 4107 465 4191 ecclesiam
484 4112 637 4215 sponte,
663 4131 703 4191 et
723 4115 879 4218 propria
898 4115 1191 4193 voluntatecon·

201 4215 375 4319 fugiunt,
405 4214 531 4323 stoque
560 4212 777 4314 ostendunt,
806 4217 845 4296 se
865 4211 1045 4298 eccleliae
1068 4232 1191 4314 proto-

201 4314 364 4400 &ionem
398 4322 630 4426 implorare,
664 4342 761 4421 quae
779 4320 867 4398 dein
886 4319 1108 4401 conceditur
1134 4324 1191 4418 1.)

202 4414 434 4506 debitoribus
444 4422 617 4535 priuatis
642 4428 749 4522 (non
758 4425 950 4534 publicis)
966 4443 1102 4506 contra
1116 4447 1192 4501 mo·

621 4528 657 4604 R
681 4551 704 4605 r
728 4549 753 4631 5
1031 4524 1144 4608 leston
