2784 5167
404 922 430 946 ⁴·
539 888 856 1004 -1Pnnslll,
1124 912 1199 993 533
1297 920 1299 925 ·

195 1081 405 1164 secundum
425 1077 569 1154 Deum
589 1077 868 1172 ordinandum,
891 1074 933 1175 fi
956 1073 1002 1153 de
1022 1076 1100 1155 iure
1122 1103 1197 1181 pa·

198 1204 379 1264 tronatus
407 1180 571 1283 quaestio
599 1179 786 1281 emersbrit
819 1185 917 1259 inter
948 1178 1119 1285 aliquos,
1160 1199 1199 1255 et

199 1290 262 1368 cui
287 1304 505 1387 competat,
539 1283 644 1359 intra
673 1307 783 1362 runs
816 1287 955 1389 menses
979 1313 1055 1360 non
1068 1285 1199 1381 fuerit

199 1390 407 1492 definitum.
461 1391 557 1464 Cum
573 1387 662 1461 dein
680 1388 722 1464 in
739 1391 935 1465 nonnullis
953 1387 1109 1466 canonis
1129 1388 1202 1462 hus

200 1495 266 1574 ius
290 1489 520 1568 editionibus
539 1491 739 1590 legeretur
763 1515 1008 1587 ovnuvon,
1034 1493 1149 1571 etiam
1176 1516 1200 1569 a

202 1594 401 1675 nonnullis
430 1594 515 1672 dari
539 1590 667 1693 coepit
697 1589 862 1692 spatium
901 1610 1065 1696 quatuor
1102 1621 1201 1671 men·

189 1697 314 1801 stum,
340 1696 456 1798 idque
483 1699 570 1773 iure
598 1691 724 1771 nostro
752 1693 803 1771 est
829 1717 1030 1800 receptum
1054 1695 1092 1773 in
1115 1724 1201 1799 cap.

204 1826 242 1908 3.
260 1794 296 1877 h.
324 1817 377 1875 t.:
400 1802 502 1878 idem
529 1823 629 1877 vero
654 1797 865 1875 concilium
890 1824 959 1902 pro
988 1798 1202 1897 collatione¹

202 1899 484 1987 beneficiorum
509 1901 677 2006 spatium
706 1923 787 1977 sax
807 1898 988 1978 mensium
1008 1898 1200 1982 defininit.

207 2010 316 2088 Mox
342 2005 381 2083 id
410 2027 560 2097 temnus
587 2008 635 2083 ad
657 2003 1003 2106 praesentationem
1029 2003 1205 2106 persona-

209 2109 362 2291 rumhad
379 2109 554 2191 ecclesias
567 2127 750 2195 vacantes
768 2104 969 2187 extensum
987 2110 1039 2185 est
1056 2106 1099 2192 i'n
1117 2134 1204 2217 cap.

214 2238 278 2293 ss·
330 2230 391 2287 .t.

213 2420 288 2510 cap.
307 2442 337 2485 2.
355 2420 389 2485 de
408 2421 527 2504 conreff.
545 2419 639 2503 prael».
662 2442 685 2483 n
705 2419 835 2488 Com
855 2419 1143 2487 incommutatio
1161 2441 1208 2488 ια.

290 2519 351 2573 2⁸·
369 2520 398 2571 a
424 2523 476 2587 27·
498 2522 569 2592 aas·
590 2523 663 2586 574·

576 2720 616 2823 §-
643 2720 869 2800 uccxvn.

215 2923 282 3008 Et
301 2922 448 3031 quidem
453 2922 491 3018 fi
511 2926 570 3007 ius
586 2947 822 3021 patronatus
839 2925 1113 3029 ecclefiasticum
1130 2928 1212 3023 fue-

218 3048 225 3061 ·
307 3028 361 3105 rit
383 3030 486 3105 intra
504 3049 541 3110 6.
556 3031 595 3131 st
611 3029 746 3108 laicum
769 3034 876 3109 intra
903 3059 938 3125 4.
968 3038 1119 3136 menses.

224 3278 228 3283 .
310 3212 497 3314 Quamuis
528 3220 605 3296 iam
634 3242 686 3297 ex
707 3235 820 3298 textu
845 3243 929 3318 cop.
965 3245 1022 3296 22.
1049 3217 1111 3296 cit.
1139 3241 1216 3294 non

220 3320 425 3420 adpareat,
452 3321 591 3423 dequo
612 3343 834 3419 patronatu,
862 3319 960 3397 laico
986 3348 1034 3400 an
1050 3317 1219 3414 ecclefia·

212 3422 315 3527 stico
347 3445 505 3525 agatur,
542 3426 791 3504 nihilominus
824 3443 1143 3504 commentatores
1168 3440 1218 3498 vt

221 3524 330 3605 hunc
349 3528 478 3603 locum
499 3551 587 3605 cum
609 3555 692 3629 cap.
714 3555 746 3629 3.
759 3529 821 3609 cit.
837 3528 1111 3616 conciliarent,
1126 3526 1223 3601 ¹coe·

223 3648 367 3737 perunt
401 3628 499 3719 hanc
526 3634 764 3710 decretalem
799 3629 1049 3733 interpretari
1087 3631 1132 3705 de
1160 3651 1225 3727 pa·

224 3749 384 3811 tronatu
409 3727 664 3832 ecclesiastico,
701 3736 863 3814 alteram
896 3760 991 3812 vero
1020 3733 1066 3807 de
1095 3751 1225 3830 oatro-

173 3918 181 3927 ,
224 3850 324 3913 natu
351 3826 458 3907 laico.
512 3845 638 3941 Atque
666 3838 721 3918 ita
746 3865 770 3917 a
792 3842 876 3918 DD.
903 3853 1064 3940 recepta
1095 3832 1147 3909 est
1176 3854 1222 3908 ac

226 3936 409 4021 inuenta,
446 3933 630 4018 hastenus
669 3941 831 4047 ignota,
875 3940 978 4018 inter
1018 3940 1223 4040 patronum

226 4035 1000 4125 'ecclefiasticum-etlaicumdifferentia,
1027 4061 1123 4137 quae
1144 4055 1223 4113 tan·

230 4148 365 4326 ‹lemha
383 4146 631 4329 Bon16racro
659 4150 758 4226 Vlll.
784 4147 944 4254 probata
969 4142 1046 4221 fuit
1068 4140 1110 4220 in
1133 4164 1224 4241 cap..

232 4279 294 4332 on.
339 4266 397 4324 .t.
425 4273 467 4322 m
508 4309 517 4327 .
883 4318 885 4323 .

234 4453 317 4543 Vitl.
342 4449 460 4526 differt,
480 4458 728 4536 Bnonqvnrn.
748 4436 786 4524 tle¹
803 4456 908 4541 diuers.
935 4469 1048 4544 patron.
1077 4453 1173 4529 eccles.
1197 4464 1224 4513 et

320 4536 389 4602 laic.
403 4537 474 4615 iare.
491 4567 516 4608 a
534 4540 663 4610 Cosra
683 4568 722 4695 zia¹
731 4558 876 4714 elanguent.
894 4539 933 4607 a'd
946 4564 971 4607 c.
994 4560 1042 4611 aa.
1059 4558 1109 4607 22.
1126 4556 1153 4643 et
1162 4553 1226 4705 pay.
