2784 5167
85 199 948 482 -

891 483 896 499 t

462 860 652 940 Pana
702 861 764 935 lll.
866 826 1192 970 '‘i-⁶²9·

85 1068 88 1073 ’
132 1078 206 1132 nec
226 1049 298 1128 sine
317 1044 463 1148 ingenti
487 1045 636 1148 stupore
663 1045 850 1152 legimus,
876 1068 989 1147 quam
1008 1049 1119 1127 dimi·

132 1177 247 1245 nuta‚
272 1175 388 1256 quam
417 1173 511 1248 pene
532 1148 701 1229 extiniia
728 1150 800 1228 hac
828 1172 979 1250 quoque
1007 1150 1048 1227 in
1075 1177 1119 1230 re

159 1261 320 1337 uondam
336 1250 472 1347 suerit,
492 1254 589 1331 cleri
605 1254 869 1359 intempestiue
883 1251 997 1330 aelofi
1010 1278 1118 1332 cona·

129 1364 255 1448 tibus,
276 1355 542 1456 imperantium
560 1355 751 1448 maiestas,
780 1378 826 1437 vt
846 1355 986 1433 maiori
1017 1357 1118 1434 sorsi-

129 1487 199 1546 tan
215 1460 342 1537 labore
365 1481 458 1559 opus
486 1455 532 1533 fit
562 1458 609 1531 ad
636 1461 796 1540 eandem
818 1456 1117 1546 restituendam.

132 1589 247 1672 quam
263 1561 310 1642 ad
328 1561 559 1663 perdendam
579 1559 710 1640 fuerit

447 1798 477 1903 ς.
529 1802 797 1882 ncccrxw.

182 1997 402 2113 Principum
423 2002 551 2111 itaque
575 2011 626 2108 est
638 2066 651 2107 ,
686 2005 733 2087 de
750 2003 865 2110 asp‘lis
876 2005 1060 2106 statuere.

217 2209 378 2307 Verum,
407 2236 494 2290 cum
513 2236 649 2316 corpus
670 2210 769 2292 iuris
793 2211 967 2294 canonici
985 2212 1117 2290 nonni·

128 2305 228 2389 fiex
243 2336 402 2417 recepto
422 2342 488 2392 nos
509 2317 678 2423 obligare
700 2313 830 2416 poisat,
854 2316 1025 2414 haecque
1043 2312 1117 2391 ma·

129 2415 232 2527 teria
250 2441 322 2494 nec
340 2420 388 2495 ad
404 2420 601 2523 dogmata,
628 2441 698 2495 nec
713 2420 760 2496 ad
775 2416 1033 2534 disciplinam,
1054 2415 1117 2492 sed

130 2518 390 2621 originetenus
406 2523 453 2597 ad
471 2522 531 2599 ius
551 2520 822 2625 imperantium
839 2519 1015 2599 ciuilium
1035 2542 1117 2616 per·

129 2616 274 2697 tineat:
300 2623 453 2701 dubium
468 2650 543 2713 non
563 2624 636 2719 est,
663 2621 756 2729 quin
786 2623 977 2727 principes
999 2621 1117 2699 etiam

130 2743 264 2800 contra
287 2745 467 2827 receptos
500 2750 662 2806 canones
694 2745 830 2828 vtpote
859 2724 936 2803 iuri
957 2723 1116 2823 publico

124 2821 339 2926 oppositos,
368 2830 404 2904 le
432 2851 471 2905 es
492 2827 564 2906 hac
592 2830 632 2906 in
659 2852 702 2907 re
726 2827 829 2906 ferre
850 2825 1006 2931 possint,
1031 2826 1074 2903 ai
1103 2870 1117 2884 ·

129 2924 226 3005 liam
242 2853 525 3008 eccleiasicam
548 2932 614 3008 vel
641 2950 791 3023 totam,
817 2932 884 3007 vel
904 2954 980 3032 pro
1002 2947 1118 3032 parte

107 3108 110 3113 ,
129 3028 370 3135 abrogando,
398 3054 581 3133 quatenus
598 3031 791 3136 publicam
806 3032 966 3120 salutem
990 3026 1031 3106 id
1050 3057 1118 3131 po·

95 3190 98 3194 a
127 3128 403 3212 flularevisum
421 3131 550 3214 suerit.
601 3136 785 3225 Accedit,
811 3137 909 3234 quod
927 3132 1117 3307 imperan-

128 3250 189 3315 tes
210 3233 460 3326 antecessores
488 3238 529 3313 in
555 3235 834 3339 praeiudicium
864 3235 973 3314 succe
1004 3258 1117 3310 orum

86 3340 94 3349 ‘
130 3334 206 3416 hac
223 3337 407 3442 potestate
424 3337 463 3417 se
479 3339 516 3418 se
526 3341 703 3423 abdicare
722 3338 881 3419 minime
905 3336 1115 3444 potuerint.

131 3541 183 3605 io.
210 3543 353 3607 Parare.
379 3544 495 3608 Hauu
520 3545 627 3630 differt
647 3544 680 3608 de
707 3543 801 3631 antip.
827 3544 858 3606 in
886 3559 940 3616 rer.
965 3541 1013 3607 uel
1034 3539 1118 3606 cluit.

216 3628 301 3688 mixi.
320 3627 406 3707 relig.
423 3628 494 3709 aljis.
514 3631 571 3694 iur.
588 3650 650 3714 cap.
671 3625 719 3693 II.
737 3628 769 3709 §-
791 3641 819 3697 8.
835 3627 895 3710 seq.
938 3624 1059 3688 Mirari
1074 3624 1120 3687 su·
1250 3658 1253 3664 ·

218 3705 267 3770 bit
299 3711 538 3776 celenernnun
565 3715 669 3775 virum
692 3709 761 3774 Ios.
789 3710 894 3774 Casa.
923 3708 1121 3772 ulainai.

217 3797 309 3873 opusc.
330 3809 396 3856 rom.
414 3792 461 3858 II.
482 3799 574 3879 opusc.
596 3793 655 3860 VI.
673 3798 708 3864 s·
727 3809 775 3873 34.
783 3795 845 3878 seq.
867 3809 984 3877 negare
1026 3787 1121 3852 otuis·

218 3874 276 3944 ie,
298 3876 526 3960 imperantibus
553 3882 599 3942 ius
625 3875 689 3940 eise
713 3875 754 3939 de
778 3876 876 3961 asylis
900 3809 1120 3941 ecclesisticis

217 3952 420 4042 disponendi.
443 3962 564 4023 Kane.
591 3960 612 4024 l.
631 3983 657 4023 c.
677 3956 783 4043 dr'ffirr.
796 3958 844 4025 sl.
863 3958 1034 4038 §disseq-
1057 3952 1120 4015 Lo·

216 4039 303 4102 colem
322 4042 523 4106 ecclesiarum
541 4043 769 4108 inmunitatem
788 4036 1000 4126 iurispoiitmi
1016 4035 1122 4101 eccle·
1233 4042 1238 4069 ¹

217 4119 323 4186 siastici
341 4135 375 4185 et
393 4123 575 4189 ciuiliseise
594 4128 658 4197 ait,
680 4127 724 4190 ita
745 4136 853 4191 tamen
873 4123 1000 4191 ciuilis,
1019 4130 1060 4182 vt
1074 4118 1120 4182 ob

215 4203 390 4289 celsionem
413 4205 567 4270 ecclesiae
592 4206 734 4280 fasiani,
762 4209 931 4303 principes
956 4203 1011 4272 sibi
1035 4203 1119 4267 adeo

214 4308 325 4354 manus
354 4289 613 4354 constrinxerint.
657 4293 712 4357 Est
736 4292 802 4357 hoc
827 4289 1033 4354 ratiocinium
1057 4284 1121 4352 illis

224 4376 409 4458 proprium,
431 4378 484 4458 qui
501 4392 571 4438 non
589 4394 630 4438 ex
647 4378 756 4461 primis
773 4374 939 4460 priucipiia
956 4390 1025 4436 reru
1040 4369 1122 4436 scru-

224 4463 306 4547 tui„
321 4458 375 4526 sed
391 4475 498 4525 coeco
515 4457 592 4521 zelo
609 4459 685 4525 duci
703 4461 950 4525 constrauerunt.
1054 4486 1061 4505 ‚

503 4543 634 4644 κη
758 4541 797 4648 ς.
822 4540 1073 4621 υοοοικν.
