2784 5167
578 874 665 952 Pa
692 896 765 952 nr
818 870 880 957 lll.
1130 895 1203 975 3⁸3

202 1077 349 1157 natur,
375 1060 417 1139 in
435 1082 600 1163 quarum
617 1058 711 1142 ficut
726 1062 895 1141 omn‘nrm
912 1056 1096 1154 aliarum,
1122 1082 1205 1162 per·
1295 1066 1315 1121 ί

210 1188 389 1349 οεριὲηζ
413 1162 613 1245 fundatam
632 1163 675 1243 in
697 1164 786 1244 iure
814 1164 1002 1269 parochus
1020 1162 1204 1243 intentio·

207 1294 297 1353 uem
342 1291 365 1346 a
390 1286 442 1348 et.

539 1500 577 1610 S·
603 1510 866 1594 ccccxliv.

213 1808 217 1815 ¹
258 1714 319 1797 Er
326 1712 367 1815 fi
382 1708 474 1793 alibi
477 1710 680 1817 sepultura
687 1715 789 1821 fiat,
819 1717 881 1797 ius
899 1716 1149 1821 exequiarum.

301 1897 405 1981 Dixi
419 1896 490 1979 soli
517 1896 700 2021 ecclelrae
728 1904 944 2025 parochiali
960 1904 1020 1982 ius
1039 1901 1202 2003 sepultu-

206 2028 280 2123 m
298 2004 1201 2207 llllllalllllllllllllfflllt

212 2130 321 2313 libila
339 2208 662 2291 communicatum
689 2212 762 2291 elle
793 2238 838 2292 co
897 2234 943 2291 at.
1000 2132 1199 2325 Dispgrate

208 2334 341 2393 autem
364 2312 452 2393 lunt
480 2312 743 2393 defunblorum
770 2313 966 2418 sepultura
991 2314 1058 2391 seu
1088 2307 1199 2385 tultu-

207 2416 350 2512 matio,
364 2436 404 2495 et
422 2415 610 2519 exequiae
627 2442 694 2520 pro
713 2417 888 2498 delunc‘lo
909 2412 1198 2599 fersoluendae:

209 2544 305 2625 ergo
321 2544 401 2597 uno
417 2518 566 2597 indulto
582 2542 821 2626 nequaquam
837 2544 908 2601 cen
927 2541 1014 2598 etur
1031 2516 1197 2594 alterum

208 2622 434 2703 concellum.
486 2621 590 2701 Hinc
609 2620 676 2731 ipfi
695 2624 834 2707 summi
856 2616 1055 2729 pontifices
1080 2614 1199 2721 priui·

206 2724 324 2831 legiis
360 2724 473 2819 illis,
528 2725 665 2827 quibus
712 2726 773 2808 iur
805 2727 1021 2829 sepulturae
1062 2743 1198 2797 conce·

204 2830 302 2907 rlere
341 2828 480 2911 luleut.
520 2828 727 2909 clausulam
765 2831 956 2921 inserunt,
1003 2825 1109 2906 salua
1143 2820 1199 2899 iu·

206 2930 311 3012 stitia
337 2928 601 3022 ecclestarum,
637 2956 660 3009 a
691 2936 827 3035 quibus
854 2954 1091 3011 mortuorum
1115 2950 1197 3001 cor·

203 3060 310 3139 pom
323 3026 568 3131 adsumuntur
587 3060 670 3137 cap.
684 3060 720 3141 9.
739 3030 774 3118 l.
795 3057 824 3114 t.
879 3034 988 3113 Vnde
1005 3030 1097 3109 licet
1119 3051 1199 3106 cor·

211 3162 307 3243 pora
334 3158 426 3213 mox
456 3140 503 3213 ad
528 3136 670 3217 elellae
697 3138 915 3245 sepulturae
941 3139 1068 3215 locum
1099 3132 1198 3211 dele·

207 3260 370 3331 rantur,
398 3238 586 3341 exequiae
606 3260 733 3323 tamen
761 3247 808 3321 de
834 3244 919 3321 iure
947 3236 1197 3317 celebrandae

207 3340 298 3423 sunt
331 3340 373 3418 in
406 3339 562 3420 ecelesia
592 3345 826 3445 parochiali,
862 3366 901 3423 et
926 3363 971 3418 ea
997 3338 1197 3419 solennita-

209 3468 275 3535 te,
294 3446 475 3546 adquam
500 3445 682 3526 haeredes
697 3448 882 3549 compelli
906 3443 1070 3551 pollent,
1097 3436 1195 3521 stle-

210 3544 369 3651 pultura
391 3547 469 3626 alia
495 3576 571 3629 non
603 3548 694 3632 ellet
720 3552 855 3635 elebh.

548 3788 589 3897 s.
615 3794 861 3877 ccccxlv,

207 3962 212 3971 ι
332 4066 337 4081 ,
483 3996 543 4076 Et
567 4019 706 4103 quarta
714 4000 921 4101 fanuelis.
996 4054 999 4061 -

293 4166 451 4269 Insuper
465 4171 555 4248 dum
580 4172 627 4247 ad
648 4154 983 4253 alia‘m'ecclefiam
1003 4160 1195 4267 sepultura

200 4290 299 4381 ¹curu
328 4271 585 4351 oblationibus
611 4273 666 4353 ibi
684 4272 869 4359 faciendis
890 4264 1089 4357 transferri
1115 4288 1196 4375 per·

204 4370 401 4469 mittitur,
428 4374 566 4455 iustum
581 4400 732 4485 quoque
752 4380 876 4459 visum
894 4378 988 4465 luit,
1014 4392 1060 4450 vt
1078 4370 1199 4448 eccle·

197 4476 257 4558 sra
287 4478 520 4587 parochialia
538 4480 622 4561 'uon
647 4482 687 4561 in
715 4506 839 4565 totum
864 4484 911 4563 ab
940 4476 1016 4559 illie
1043 4472 1198 4657 obblatio·

338 4614 345 4623 ·
645 4588 682 4665 X
709 4612 730 4689 3
1039 4580 1078 4655 ni
1106 4602 1149 4659 ur
