2784 5167
124 808 129 821 ¹
194 842 246 929 γε
292 822 704 903 Ivrrsravnrurrarr
730 803 1121 916 &caesurarum
1214 898 1217 903 .

281 1004 335 1079 sed
351 1018 455 1069 tamen
472 1005 629 1090 disputant
646 1025 709 1071 uon
723 1010 833 1092 pauci,
855 1026 891 1072 an
909 1009 1066 1094 temporis
1087 1006 1182 1071 imre·

280 1088 431 1159 marialis,
460 1108 498 1152 an
515 1108 586 1154 cum
607 1092 703 1156 titulo
719 1095 788 1158 XL.
806 1111 959 1157 annorum
978 1088 1123 1177 posseffio
1140 1088 1204 1155 fa·

280 1178 363 1246 ciat,
389 1188 426 1236 vt
445 1171 635 1239 beneficium
654 1178 837 1242 secularem
848 1179 992 1261 regulare
1016 1189 1185 1241 conuerta-

281 1258 359 1333 tur?
383 1257 491 1321 Maior
506 1254 550 1322 est
566 1259 805 1339 conirouersla,
824 1280 863 1326 an
880 1263 931 1326 ius
946 1279 990 1324 ex
1000 1258 1183 1324 instrumen-

176 1398 178 1409 .
283 1353 321 1406 to
346 1337 536 1403 manifestum
558 1344 597 1409 de
616 1346 677 1408 suis
695 1344 863 1427 quemdam
887 1341 1047 1407 beneficio
1067 1342 1183 1431 praefi·

196 1457 199 1463 ·
282 1424 388 1488 ciendi
415 1423 498 1506 apud
526 1427 686 1509 regulares
720 1430 875 1492 continuo
900 1428 1123 1511 extinguatur,
1155 1423 1211 1491 fi:

281 1509 351 1573 XL.
370 1511 459 1580 annis
474 1506 529 1589 ipsi
548 1509 789 1593 supersedentes
802 1529 916 1581 vnum,
946 1511 1123 1597 pluresque
1137 1524 1182 1574 ex

283 1593 455 1661 interuallo
470 1592 608 1657 clericos
619 1594 778 1660 seculares
788 1593 844 1660 sibi
860 1592 1051 1660 suffecerint.
1078 1595 1182 1673 Quae·

244 1688 245 1692 ’
284 1676 343 1746 stio
359 1673 474 1738 eodem
495 1676 526 1738 in
547 1678 617 1740 casu
637 1679 731 1743 etiam
757 1683 966 1746 controuerso
990 1677 1118 1745 moueri
1134 1678 1195 1745 ἰοί

286 1764 345 1832 ler.
368 1760 428 1826 vid
446 1759 482 1823 Ρ.
502 1761 662 1826 Boreum.
675 1759 704 1825 d.
720 1778 743 1827 r.
760 1785 832 1829 ruem.
856 1780 903 1827 ιο.
917 1764 1001 1852 seqq.

598 1980 637 2087 ς.
656 1987 788 2105 curu.

256 2183 354 2271 Sunt
380 2188 465 2289 IV.)
491 2186 751 2292 compatibilia
769 2206 807 2267 et
820 2186 1136 2292 incompatibilia.
1196 2294 1199 2303 1

271 2344 274 2349 ’
292 2340 577 2445 Quamprimum
592 2340 784 2421 remissum
802 2341 855 2419 est
870 2344 917 2418 de
931 2339 1121 2420 reddendi
1132 2338 1183 2422 ri-

205 2468 319 2550 gore3
352 2449 453 2548 quod
484 2443 571 2522 fieri
594 2466 675 2523 tum
703 2446 870 2521 maxime
903 2444 1054 2537 debuit,
1092 2467 1183 2524 cum

205 2551 316 2655 plura
339 2549 407 2625 vni
434 2543 614 2624 beneficia
640 2546 807 2624 conferri
833 2568 1057 2647 coeperant:
1083 2570 1186 2627 noua

206 2649 353 2730 rursum
379 2647 417 2727 se
447 2649 559 2725 dabat
586 2647 780 2735 distinerio.
817 2653 902 2748 IV.)
929 2651 1018 2728 Alia
1044 2647 1187 2768 quippe

206 2752 306 2832 inter
323 2750 398 2827 sese
424 2750 644 2837 concordia,
670 2751 745 2830 alia
770 2751 959 2832 discordia
984 2753 1091 2832 sunt:
1117 2754 1188 2831 rlla

207 2851 360 2932 nomine
390 2852 569 2944 barbaro,
596 2853 873 2958 compatihilia‚
900 2854 995 2935 haec
1020 2852 1192 2933 veroin·

208 2950 465 3058 compatibilia
481 2955 664 3035 dicuntur.
702 2959 843 3036 Huius
858 2958 1009 3061 generis
1024 2954 1114 3037 sunt
1129 2956 1188 3052 ea,

208 3060 305 3162 duae
339 3076 458 3133 totum
478 3055 696 3160 stragulatam
723 3056 932 3152 homiaem,
973 3080 1189 3162 omnemque

208 3161 288 3242 eius
304 3183 473 3261 operam,
501 3180 538 3236 et
551 3158 718 3260 studium
729 3160 806 3259 fibi
822 3157 1039 3239 vendicant:
1069 3182 1188 3264 quare

208 3261 444 3345 immobilem
476 3266 673 3361 quamdam
708 3263 892 3342 refluendi
931 3260 1189 3345 neceffitatem

208 3368 404 3446 inducunt.
462 3367 570 3466 Quae
601 3392 687 3447 eum
715 3369 841 3444 maior
863 3363 960 3458 effe,
987 3366 1203 3465 minorque-

208 3495 279 3570 pro
315 3461 488 3544 beneficii
512 3489 646 3549 natura
671 3469 809 3571 possit,
853 3465 942 3544 inde
977 3465 1192 3547 distindium

209 3571 284 3649 fuit
304 3571 404 3647 inter
417 3569 552 3670 primi,
577 3593 616 3649 et
634 3569 781 3663 secundi
797 3570 947 3673 generis
970 3566 1195 3672 incompati-

210 3671 310 3750 bilia.
354 3671 534 3772 alterius
551 3672 692 3751 ordinis
714 3673 998 3764 existimantur,
1024 3695 1191 3772 quorum

208 3794 320 3852 tauta
345 3803 419 3850 noa
438 3774 488 3871 esi
509 3774 767 3882 impatientia,
792 3777 944 3875 utstare
971 3800 1081 3853 vnum
1101 3799 1187 3853 cum

210 3876 330 3958 altero
350 3894 518 3983 nequeat.
804 3904 812 3922 ’

209 4082 298 4145 viu
314 4085 429 4146 Esrau
448 4080 543 4168 1211.
566 4085 627 4158 [αἵ.
648 4081 715 4146 III.
734 4083 781 4144 rir.
806 4078 872 4145 III.
891 4100 953 4165 cap.
972 4101 1004 4154 4.
1027 4077 1087 4142 vbi
1107 4081 1137 4161 §-
1160 4090 1193 4147 8.

292 4165 445 4242 ostendit,
474 4164 703 4235 diffinitionem
721 4164 801 4230 hanc
818 4164 1104 4250 incompatibilium
1132 4180 1194 4248 per

292 4251 405 4398 {ffl-
426 4250 489 4332 seffi
519 4251 604 4330 Vll„
623 4272 687 4338 cap.
713 4270 743 4326 4.
765 4250 798 4313 de
813 4252 932 4334 reform.
957 4264 1023 4311 non
1039 4241 1102 4311 effe
1118 4244 1193 4311 mb-

984 4489 1022 4594 r.
1050 4494 1147 4575 cur.
