2784 5167
490 779 886 885 'Paneflb
1135 846 1188 923 w

273 1001 425 1075 suuntur,
447 1013 553 1077 neque
561 989 797 1078 praestimonio,
820 1001 873 1061 seu
891 995 1042 1084 stipendia
1061 1007 1180 1067 exiis·

269 1084 335 1147 dem
353 1081 497 1147 detracta
515 1078 556 1142 ad
577 1078 714 1143 alendos
730 1075 911 1156 studiosos,
928 1099 983 1148 aut
1004 1088 1123 1152 milites
1151 1097 1184 1153 tn

267 1173 351 1234 sacro
373 1169 463 1229 bello
483 1161 714 1227 beneficiorum
736 1181 820 1228 vere
842 1169 1105 1234 talium‘numero
1126 1172 1181 1238 ad.

266 1254 357 1318 scribi
379 1247 478 1332 posse.
498 1251 580 1311 Nec.
598 1252 643 1329 3)
659 1247 807 1310 canoniam
843 1250 1007 1334 amplicem,
1032 1274 1114 1337 quae
1132 1260 1178 1322 est

266 1338 308 1399 ius
329 1332 447 1396 lrasnrdi
462 1328 555 1411 ¹[etiem
574 1330 604 1392 in
626 1327 737 1409 choro,
764 1346 794 1393 et
809 1354 905 1398 vocem
921 1334 953 1397 in
968 1340 1098 1423 capitulo
1143 1362 1179 1405 er

267 1424 296 1485 se
313 1417 466 1483 beneficii
490 1418 620 1479 nomine
638 1415 768 1487 renim
803 1420 876 1502 quia
892 1418 1000 1504 potest
1027 1424 1096 1489 dari
1112 1360 1178 1490 ἔῃ,

265 1503 448 1593 praebenda
467 1506 520 1567 seu
538 1497 714 1571 beneficio.

484 1648 513 1723 t

591 1761 631 1871 t.
658 1767 781 1847 xcn.

280 1966 401 2075 Quod
417 1966 531 2049 etz'rzm
546 1972 695 2053 nomine
710 1970 956 2080 praebendae
970 1975 1083 2054 venit.

271 2149 361 2229 Alio
384 2149 576 2250 vocabulo
592 2146 782 2227 beneficia
804 2148 901 2230 haec
922 2150 1040 2231 etiam
1062 2177 1184 2254 prae-

197 2251 333 2330 herdae
349 2276 560 2331 vocantur:
584 2251 758 2353 quamuis
766 2279 904 2336 reuera
912 2255 1028 2349 olim,
1056 2276 1096 2333 et
1104 2254 1177 2330 ho·

200 2356 341 2433 dicdum
370 2354 572 2435 discrimen
601 2354 708 2433 inter
735 2365 898 2461 vtraque
935 2356 1175 2467 agnoscatur.

200 2461 365 2539 Ceterum
396 2484 476 2538 vox
498 2457 578 2558 ipsa
595 2458 786 2565 originem
814 2487 867 2542 ex
896 2465 1081 2569 profanae
1106 2463 1175 2541 mi·

202 2561 291 2642 litiae
307 2561 381 2641 vsu
397 2560 556 2643 traxisse
573 2586 723 2645 certum
743 2564 808 2644 est.

205 2766 372 2836 Cartana.
398 2771 492 2835 Rno.
520 2771 664 2841 Fannc.
690 2768 783 2832 addit·
810 2768 878 2834 111.
903 2794 965 2859 cop.
1008 2788 1075 2837 112⁴
1101 2770 1181 2857 apud

270 2855 376 2933 Basa(-
398 2871 468 2918 torn.
494 2851 602 2918 1.-c01.
625 2868 715 2936 1178.
736 2876 798 2939 cap·
818 2863 849 2928 8.
868 2853 895 2918 h.
914 2874 934 2919 t.
959 2860 995 2919 In
1017 2876 1082 2939 qno
1102 2876 1182 2939 pon·

270 2937 354 3003 tifex
376 2944 460 3004 inter
482 2937 614 3017 benficia
630 2956 665 3003 et
678 2940 854 3026 praebendos
871 2943 1027 3006 minorum
1044 2942 1182 3004 clerico

253 3036 341 3087 ‘rum
359 3024 538 3109 distinguit,
562 3036 597 3089 et
621 3028 734 3108 reapse
755 3025 839 3088 inter
867 3028 900 3090 se
924 3023 1053 3089 differre
1076 3027 1182 3107 liquet

196 3139 199 3146 ·
271 3125 390 3188 exeo,
418 3108 507 3192 quod
535 3124 561 3171 ι.
583 3106 812 3187 )beneficiurn
831 3112 879 3173 ius
898 3123 1008 3174 certos
1035 3109 1184 3173 ecclesia·

272 3189 349 3255 iiico
369 3195 478 3259 officio
493 3194 564 3256 iure
581 3206 746 3277 perpetuo
764 3192 943 3278 adsignatos
961 3193 1086 3257 reditus
1109 3212 1187 3277 per-

273 3278 413 3360 cipiendi
430 3276 591 3360 designet,
621 3278 824 3359 praebendae
840 3299 923 3348 vero
942 3280 1117 3362 generatim
1134 3295 1186 3340 ac-

275 3376 390 3445 ceptae
406 3362 541 3429 notione
561 3363 674 3427 veniat
690 3381 786 3428 omne
805 3365 859 3441 id,
881 3365 968 3445 quod
982 3382 1025 3425 ex
1044 3378 1186 3425 commu-

263 3448 370 3518 ,nibus
391 3449 489 3514 etiam
505 3447 598 3510 bonis
615 3450 746 3511 clericis
761 3448 801 3511 ad
820 3447 1075 3512 sustentationem
1091 3450 1186 3517 ,vitae

277 3531 459 3611 praebetur.
503 3534 547 3596 Et
563 3529 627 3596 hoc
643 3535 676 3597 in
695 3530 871 3617 significatu
888 3530 1034 3596 canonici
1051 3547 1186 3612 quoque

277 3614 307 3676 in
331 3617 496 3678 communi
526 3616 595 3679 vita
617 3634 748 3698 aeque,
787 3626 827 3677 vt
853 3614 1000 3680 monachi
1025 3617 1186 3677 viuentes

273 3698 444 3782 praebendas
463 3700 604 3765 habuere
622 3720 632 3771 ;
662 3718 729 3765 non
750 3697 906 3764 beneficia
931 3694 1003 3781 post
1020 3694 1187 3761 discessum

271 3800 289 3844 a
308 3785 381 3850 vita
400 3787 560 3850 communi
577 3783 705 3848 demum
723 3782 840 3849 aresta.
885 3785 957 3861 Qua
974 3783 1017 3845 de
1034 3779 1188 3843 causabe-

275 3867 389 3933 neficia
419 3868 577 3935 distinctas
607 3866 809 3953 praebendas
845 3879 948 3929 vocat
976 3859 1127 3947 pontifex
1154 3863 1187 3924 in

273 3973 335 4037 cap.
363 3975 411 4016 10.
437 3952 471 4015 de
496 3952 613 4032 conceffi
637 3948 784 4037 praebend.
837 3947 969 4013 Deinde
989 3946 1028 4025 2)
1054 3944 1184 4025 sremficin

275 4038 313 4101 ad
330 4051 457 4102 certum
482 4055 648 4100 numerum
667 4038 739 4098 sunt
756 4029 897 4098 restrtea
917 4081 928 4109 ‚
964 4037 1078 4094 contra
1100 4050 1183 4115 prar-

274 4120 373 4184 irendre
388 4120 511 4207 proprie
530 4117 622 4181 dictae
637 4117 878 4183 determinatam
895 4112 1102 4199 quantitatem
1118 4131 1184 4179 non

277 4203 413 4280 habent,
437 4204 690 4289 vtadeoplures
708 4196 1068 4288 poffintessecanonici,
1089 4214 1184 4281 quam

276 4288 470 4354 beneficiati.
512 4290 633 4373 Negari
653 4302 760 4353 tamen
778 4286 908 4367 nequit:
931 4283 986 4349 has
1010 4298 1114 4348 voces
1133 4303 1187 4366 pe·

276 4372 435 4440 detentirn
455 4375 636 4458 prorniscue
652 4367 743 4436 fuisse
755 4373 892 4447 stamma,
916 4384 953 4435 ut
968 4380 1060 4453 patet
1069 4386 1113 4431 ex
1124 4386 1186 4447 cap.

280 4477 328 4541 17.
347 4458 374 4523 sn
395 4478 417 4523 r.
441 4460 502 4524 vbi
528 4478 589 4544 per
611 4452 793 4549 praebendale
814 4453 975 4536 beneficium
1004 4449 1189 4539 praebenda

1067 4551 1146 4618 quo·
1265 4561 1267 4572 ·
