2784 5167
536 866 729 947 Pn'no
772 870 835 943 111.
1106 874 1177 967 38¹

572 1070 610 1176 S.
663 1074 791 1151 DXV.

346 1274 550 1359 Primitiae
567 1306 643 1355 non
663 1284 729 1383 vfie
749 1274 1026 1385 abolbraeficnt.

277 1480 479 1589 Inscriptio
497 1481 605 1561 tItuli
631 1508 700 1562 nos
719 1504 881 1577 monet,
916 1502 963 1561 vt
989 1476 1106 1558 etiam
1136 1478 1184 1555 de
1204 1491 1206 1495 '

187 1586 398 1695 primitiis,
425 1608 465 1664 et
485 1584 737 1663 oblationibus
757 1585 987 1665 differamus
1049 1579 1185 1657 Primi-

194 1692 274 1769 tiae
290 1691 469 1767 dicuntur
479 1690 598 1791 primi
604 1689 782 1787 fruebar,
820 1688 883 1793 qui
910 1687 989 1766 Dei
1009 1680 1186 1781 beneficio

197 1820 250 1873 ex
264 1792 392 1897 ogrr'S,
419 1812 454 1869 et
467 1790 766 1895 fundisstngulis
784 1794 895 1870 annis
910 1788 1183 1897 percipiuntur.

194 1896 338 1977 Exoo.
354 1888 512 1972 XXIII.
538 1922 594 1999 19.
613 1900 734 1977 anr.
754 1892 911 1976 XVIII.
934 1920 996 1975 ιι.
1057 1894 1184 1991 Quass-

194 2026 285 2079 tum
303 1994 555 2097 primitiarum
565 1998 718 2078 nomine
735 1998 826 2077 esset
838 1997 1073 2077 offerendum
1086 2048 1096 2085 ,
1108 2020 1183 2069 non

199 2098 493 2177 determinatum
512 2100 563 2177 est
577 2102 616 2178 in
638 2104 919 2197 Pentateucho,
944 2104 1007 2181 sed
1026 2096 1188 2185 arbitrio

201 2200 446 2281 ofl'erentium
471 2206 518 2281 ab
542 2205 656 2283 initio
691 2208 869 2283 reliIIum
906 2198 979 2283 effe
1016 2202 1185 2277 videtur.

195 2306 305 2384 Dein
338 2304 600 2409 magistrorum
630 2306 859 2387 aubkornate
901 2304 1081 2385 effectum
1114 2296 1189 2374 effe

197 2408 320 2491 tradit
342 2408 377 2483 S.
407 2412 750 2503 Hrenonrnrvs‚
786 2433 852 2501 vt,
886 2412 951 2511 qui
977 2402 1188 2510 plurimum

194 2507 520 2691 quadraPesrmam
550 2536 696 2617 partem
720 2517 827 2591 daret
844 2572 856 2609 ‚
894 2514 960 2615 qui
992 2508 1190 2584 minimum

195 2620 339 2721 Iexage
354 2640 468 2691 nnarn
490 2647 520 2694 c.
545 2644 573 2689 ι.
588 2612 623 2691 Ιι.
642 2636 669 2693 τ.
689 2617 939 2695 Exhibendae
949 2614 1062 2693 hodie
1072 2606 1190 2687 essent

195 2716 244 2795 vi
264 2716 362 2795 iuris
376 2714 615 2797 ecclesrastici
635 2721 827 2822 parocho,
864 2720 969 2797 intra
995 2713 1103 2793 cuius
1130 2732 1189 2787 ec·

199 2818 337 2917 clefiae
350 2818 445 2897 fines
464 2822 550 2899 sunt
568 2824 742 2921 praedia,
769 2844 810 2901 et
824 2820 955 2913 fundi,
981 2812 1193 2919 exquibus

197 2920 349 3001 nuans
405 2925 665 3027 regerminant
693 2952 774 3021 ean.
789 2927 865 3027 ⁶7.
887 2951 951 3029 pr.
972 2918 1017 2998 X
1021 2912 1191 3020 VI..q.I.

196 3051 287 3101 ean.
313 3048 343 3100 1.
361 2948 449 3100 ibid.
468 3052 503 3129 q.
524 3022 608 3104 VII.
624 3046 660 3101 et
679 3052 762 3129 cop.
786 3054 818 3103 1.
842 3024 877 3103 b.
897 3044 930 3103 t:
943 3024 1007 3105 sed
1025 3024 1114 3101 huic
1134 3018 1189 3095 iu·

199 3124 238 3203 ri
260 3126 453 3205 contraria
481 3128 753 3207 consuetudine
778 3134 1028 3233 derogatum,
1057 3146 1097 3204 et
1116 3119 1190 3227 pri·

202 3226 337 3309 mitiae
356 3254 430 3306 non
447 3236 510 3333 vsu
530 3230 682 3338 prorsus
696 3232 864 3313 abolitae
882 3234 980 3311 sunt.

582 3516 637 3639 ’ςζ
665 3538 807 3615 nxvr.

180 3824 186 3833 ,
216 3769 227 3799 ’
345 3746 573 3833 Oblationes
592 3750 751 3860 injenfie
768 3754 848 3831 lato
867 3744 1058 3853 etstric'lo.
1115 3740 1118 3747 ¹
1137 3838 1140 3847 Ι

200 3982 204 3991 ’
288 3952 416 4035 Satius
433 3958 520 4039 fore
544 3959 661 4053 duco,
686 3958 781 4059 fide
804 3954 1059 4041 oblacionibus
1076 3952 1188 4061 pluro¹

194 4054 386 4137 dicamus.
439 4062 601 4140 Oblatio
617 4062 825 4165 generatim
838 4068 998 4167 surrepta
1017 4060 1117 4136 idem
1135 4056 1190 4137 so-

197 4178 289 4254 nat,
317 4165 417 4267 quod
441 4164 602 4242 alicuius
625 4168 684 4244 rei
709 4190 788 4247 non
814 4168 957 4273 petitae
983 4162 1189 4265 spontanea

197 4260 380 4377 longino,
409 4292 507 4373 quae
526 4263 651 4345 fiDeo
668 4266 756 4366 fiat,
783 4269 906 4373 magis
915 4263 1073 4371 proprie
1092 4262 1155 4343 obl
1178 4304 1191 4323 ·

197 4380 258 4443 tro
280 4371 399 4447 audit.
459 4371 564 4477 Ergo
587 4374 731 4458 oblatio
760 4376 814 4454 ita
843 4390 1003 4477 accepte
1022 4392 1190 4474 compre·

199 4466 339 4557 hendit
368 4473 484 4557 etiem
510 4478 700 4583 primitias
728 4504 767 4565 et
795 4478 973 4563 deciman
1042 4479 1190 4555 Verum

1070 4602 1150 4657 mo·
