2784 5167
178 892 688 1019 '4741va1iiiiv'omir1ar
718 901 1130 1003 Ecctitsiasrrcan,
1165 892 1167 897 ’

193 1102 350 1190 sedere,
385 1117 425 1175 et
451 1090 609 1195 sibiipsi
633 1092 674 1170 iii
700 1112 747 1168 re
773 1089 875 1171 tanti
908 1094 1104 1176 momenti
1123 1092 1180 1175 iiis

194 1203 325 1281 dicere
341 1199 564 1303 praesumat.
941 1198 944 1211 '

195 1408 272 1493 Arg.
288 1431 314 1471 ς.
330 1426 353 1472 ι,
369 1399 396 1463 si-
415 1416 436 1466 r.
455 1396 488 1460 S.
506 1397 677 1465 Tironis,
697 1412 727 1462 2.
746 1414 775 1463 2.
792 1421 821 1485 q,
839 1408 884 1476 88.
900 1400 941 1466 A.
958 1421 1007 1465 ia.

540 1620 578 1726 q.
607 1623 836 1702 ocxxvii.

249 1835 477 1939 Dispenfare
495 1828 534 1907 in
554 1848 642 1907 voto
656 1854 732 1932 pro
753 1826 915 1906 arbitrio
938 1850 1008 1902 aon
1021 1820 1116 1901 dcet.
1187 1830 1193 1847 ¹

287 2018 455 2095 Grauior
474 2015 526 2094 est
543 2013 729 2119 quaestio,
757 2043 804 2094 aii
832 2032 926 2093 vota
947 2008 1172 2119 dispensatio·

197 2121 239 2203 iii
266 2119 517 2198 subiaceant?
569 2123 647 2195 lam
671 2116 1013 2196 demonstrauimus
1046 2114 1176 2219 obliga·

200 2226 345 2304 tionem
370 2222 455 2301 voti
481 2221 652 2326 legitime
670 2222 763 2301 editi
786 2222 914 2325 alege
933 2214 1117 2309 naturali,
1143 2235 1175 2293 et

196 2328 329 2409 diuina
345 2326 461 2417 oriri,
475 2327 642 2426 adeoque
660 2326 758 2402 nulli
770 2323 979 2403 mutationi
997 2321 1173 2397 humanae

195 2426 303 2535 posse
324 2427 398 2506 esse
418 2429 645 2507 obnoxiam:
681 2426 709 2503 si
727 2450 820 2527 ergo
840 2452 981 2505 iiomeii
998 2420 1169 2527 dispensa·

194 2533 315 2612 tionis
345 2534 384 2608 iii
411 2532 573 2611 arcliore
608 2528 718 2608 sensu
744 2530 936 2608 sumamus
971 2550 1037 2631 pro
1069 2522 1162 2611 atti,

188 2658 276 2737 ¹quo
297 2633 468 2750 superior
487 2656 555 2735 pro
576 2657 679 2709 mera
702 2638 765 2711 sua
790 2631 1039 2719 autoritate,
1065 2647 1102 2704 et
1115 2646 1164 2739 ar·

196 2736 314 2815 bitrio
339 2736 560 2814 inferiorem
586 2735 739 2812 omnino
767 2733 929 2825 liberat,
955 2751 989 2807 et
1015 2726 1161 2805 absoluit

196 2840 245 2915 ab
268 2838 498 2937 obligatione
520 2836 729 2938 praeliandi
749 2838 808 2931 id,
838 2838 941 2940 quod
958 2836 988 2912 is
999 2832 1159 2909 libereet

201 2938 334 3043 sponte
362 2940 401 3018 se
435 2938 701 3042 praestiturum
729 2944 814 3018 Deo
844 2938 1042 3042 promisit,
1084 2926 1161 3011 latia

201 3040 362 3133 constat,
391 3045 491 3159 quod
510 3041 570 3117 ius
589 3065 639 3118 ex
667 3062 762 3120 voto
784 3046 866 3119 Deo
890 3037 1093 3147 quaesitum
1108 3028 1163 3110 mi·

203 3145 309 3221 nime
328 3146 433 3234 tolli,
461 3167 500 3223 et
519 3143 661 3221 auferri
683 3143 810 3247 possiti
835 3142 863 3221 si
883 3170 982 3224 vero
1002 3132 1164 3243 dispensa·

197 3245 254 3325 tio
271 3246 312 3323 iii
332 3249 480 3324 laxiore
504 3243 714 3349 fignificatu
740 3246 953 3347 accipiatur
982 3270 1051 3349 pro
1071 3242 1162 3331 atti,

199 3370 274 3448 quo
302 3347 473 3449 superior
491 3348 681 3452 legitimus
705 3348 895 3452 perpensis
917 3348 1088 3427 omnibus
1102 3338 1163 3419 cir·

199 3450 430 3546 cumstamiis
448 3475 499 3529 ex
516 3451 628 3542 iusta,
657 3471 696 3529 et
721 3453 829 3552 praui
857 3451 969 3531 causa
994 3448 1163 3532 declarat,

197 3575 239 3632 et
263 3553 405 3632 indicat
431 3572 524 3632 voto
544 3552 657 3631 inesse
687 3558 851 3656 aliquem
877 3550 1086 3641 desectum,
1109 3544 1162 3625 vel

197 3652 361 3735 salutem
391 3656 620 3745 animarum,
646 3662 713 3734 vel
738 3664 877 3736 bonum
905 3657 1097 3760 publicum
1119 3672 1164 3739 et·

198 3755 352 3852 clesiae‚
380 3761 445 3835 vel
463 3758 694 3863 reipublicae
714 3764 890 3867 exigere,
919 3779 964 3837 vt
984 3760 1026 3835 iii
1047 3782 1090 3833 eo
1109 3750 1164 3831 tli-

199 3886 275 3966 qua
297 3860 508 3953 relaxatio,
535 3865 600 3939 vel
621 3868 780 3945 mutatio
796 3862 884 3958 fiat,
909 3889 1025 3939 nemo
1042 3857 1166 3936 dubita·

199 3965 275 4051 bit,
302 3962 394 4068 quiri
414 3964 678 4068 dispensationi
703 3968 759 4048 ita
782 3987 963 4069 acceptae
983 3967 1089 4043 locus
1104 3952 1163 4036 ese

199 4067 328 4173 poffit,
356 4068 514 4172 eiusque
540 4069 703 4147 facultas
728 4071 990 4172 superioribus
1015 4060 1166 4145 ecclesia·

95 4186 98 4191 '
200 4172 301 4249 sticis
330 4196 546 4275 competere
576 4173 733 4264 debeat,
769 4174 903 4276 quibus
929 4170 1100 4248 diuinum
1121 4188 1170 4245 et·

98 4340 101 4347 i
202 4271 335 4351 cleliae
352 4274 587 4353 conditorem
608 4302 738 4355 curam
757 4274 1027 4375 pascendarum
1045 4272 1170 4360 ouium,

200 4375 266 4453 seu
292 4374 479 4471 fidelium,
508 4400 547 4456 et
569 4379 787 4481 potestatem
805 4377 948 4483 ligandi
975 4399 1016 4454 et
1045 4376 1173 4455 soluen-

186 4478 262 4581 oi,
287 4480 518 4587 regendique
538 4482 734 4569 ecclesiam
755 4480 965 4563 concessise
997 4477 1073 4563 fide
1092 4472 1174 4557 diiii·

624 4646 627 4651 -
950 4654 956 4673 .
1088 4608 1137 4665 aa
