<?xml version="1.0" encoding="UTF-8"?>
<!DOCTYPE html PUBLIC "-//W3C//DTD XHTML 1.0 Transitional//EN"
    "http://www.w3.org/TR/xhtml1/DTD/xhtml1-transitional.dtd">
<html xmlns="http://www.w3.org/1999/xhtml" xml:lang="en" lang="en">
 <head>
  <title>
</title>
<meta http-equiv="Content-Type" content="text/html;charset=utf-8" />
  <meta name='ocr-system' content='tesseract 3.04.00' />
  <meta name='ocr-capabilities' content='ocr_page ocr_carea ocr_par ocr_line ocrx_word'/>
</head>
<body>
  <div class='ocr_page' id='page_1' title='image "./institutionumiu02canogoog/institutionumiu02canogoog_0514.png"; bbox 0 0 2784 5167; ppageno 0'>
   <div class='ocr_carea' id='block_1_1' title="bbox 396 924 1162 1036">
    <p class='ocr_par' dir='ltr' id='par_1_1' title="bbox 396 924 1162 1036">
     <span class='ocr_line' id='line_1_1' title="bbox 396 924 1162 1036; baseline -0.001 -29"><span class='ocrx_word' id='word_1_1' title='bbox 396 962 400 967; x_wconf 96' lang='lat'>·</span> <span class='ocrx_word' id='word_1_2' title='bbox 523 924 880 1007; x_wconf 74' lang='lat' dir='ltr'>Pnnsllh</span> <span class='ocrx_word' id='word_1_3' title='bbox 1084 931 1162 1036; x_wconf 80' lang='lat'>469</span> 
     </span>
    </p>
   </div>
   <div class='ocr_carea' id='block_1_2' title="bbox 255 1108 1169 1514">
    <p class='ocr_par' dir='ltr' id='par_1_2' title="bbox 255 1108 1169 1514">
     <span class='ocr_line' id='line_1_2' title="bbox 255 1108 1166 1195; baseline -0.005 -10"><span class='ocrx_word' id='word_1_4' title='bbox 255 1108 416 1185; x_wconf 79' lang='lat' dir='ltr'>inuenisse</span> <span class='ocrx_word' id='word_1_5' title='bbox 440 1111 605 1182; x_wconf 82' lang='lat' dir='ltr'>videntur.</span> <span class='ocrx_word' id='word_1_6' title='bbox 644 1112 724 1183; x_wconf 75' lang='lat' dir='ltr'>Ille,</span> <span class='ocrx_word' id='word_1_7' title='bbox 755 1124 796 1180; x_wconf 87' lang='lat' dir='ltr'>vt</span> <span class='ocrx_word' id='word_1_8' title='bbox 813 1116 937 1179; x_wconf 80' lang='lat' dir='ltr'>conones&#39;</span> <span class='ocrx_word' id='word_1_9' title='bbox 955 1131 982 1180; x_wconf 78' lang='lat' dir='ltr'>a.</span> <span class='ocrx_word' id='word_1_10' title='bbox 1005 1129 1035 1178; x_wconf 83' lang='lat' dir='ltr'>et</span> <span class='ocrx_word' id='word_1_11' title='bbox 1052 1132 1079 1195; x_wconf 82' lang='lat'>3.</span> <span class='ocrx_word' id='word_1_12' title='bbox 1103 1138 1166 1180; x_wconf 79' lang='lat' dir='ltr'>cun</span> 
     </span>
     <span class='ocr_line' id='line_1_3' title="bbox 261 1195 1169 1276; baseline 0.004 -14"><span class='ocrx_word' id='word_1_13' title='bbox 261 1218 373 1271; x_wconf 76' lang='lat' dir='ltr'>cao.4.</span> <span class='ocrx_word' id='word_1_14' title='bbox 392 1219 427 1268; x_wconf 79' lang='lat'>5.</span> <span class='ocrx_word' id='word_1_15' title='bbox 449 1201 479 1260; x_wconf 86' lang='lat'>6.</span> <span class='ocrx_word' id='word_1_16' title='bbox 499 1209 526 1265; x_wconf 81' lang='lat'>8.</span> <span class='ocrx_word' id='word_1_17' title='bbox 555 1195 618 1276; x_wconf 70' lang='lat' dir='ltr'>dist.</span> <span class='ocrx_word' id='word_1_18' title='bbox 639 1196 785 1264; x_wconf 81' lang='lat' dir='ltr'><em>XXVII.</em></span> <span class='ocrx_word' id='word_1_19' title='bbox 803 1215 908 1264; x_wconf 76' lang='lat' dir='ltr'>elcan.</span> <span class='ocrx_word' id='word_1_20' title='bbox 934 1220 986 1276; x_wconf 82' lang='grc' dir='ltr'>4ο.</span> <span class='ocrx_word' id='word_1_21' title='bbox 1016 1222 1085 1263; x_wconf 83' lang='lat' dir='ltr'>cnm.</span> <span class='ocrx_word' id='word_1_22' title='bbox 1105 1220 1169 1266; x_wconf 80' lang='lat' dir='ltr'>can.</span> 
     </span>
     <span class='ocr_line' id='line_1_4' title="bbox 260 1278 1165 1363; baseline 0.001 -18"><span class='ocrx_word' id='word_1_23' title='bbox 260 1302 317 1361; x_wconf 80' lang='lat'>41.</span> <span class='ocrx_word' id='word_1_24' title='bbox 333 1278 485 1345; x_wconf 81' lang='lat' dir='ltr'><em>XXVII.</em></span> <span class='ocrx_word' id='word_1_25' title='bbox 505 1281 582 1363; x_wconf 67' lang='lat' dir='ltr'>qd.</span> <span class='ocrx_word' id='word_1_26' title='bbox 605 1280 818 1355; x_wconf 81' lang='lat' dir='ltr'><strong>conciliaret,</strong></span> <span class='ocrx_word' id='word_1_27' title='bbox 840 1300 909 1347; x_wconf 81' lang='lat' dir='ltr'>eam</span> <span class='ocrx_word' id='word_1_28' title='bbox 930 1281 1085 1347; x_wconf 76' lang='lat' dir='ltr'>adhibuit.</span> <span class='ocrx_word' id='word_1_29' title='bbox 1121 1284 1165 1346; x_wconf 90' lang='lat' dir='ltr'>Et</span> 
     </span>
     <span class='ocr_line' id='line_1_5' title="bbox 262 1364 1169 1514; baseline 0 -86"><span class='ocrx_word' id='word_1_30' title='bbox 262 1364 411 1514; x_wconf 72' lang='lat' dir='ltr'>puamuis</span> <span class='ocrx_word' id='word_1_31' title='bbox 432 1365 672 1444; x_wconf 71' lang='lat' dir='ltr'>inchoans.</span> <span class='ocrx_word' id='word_1_32' title='bbox 692 1366 899 1445; x_wconf 78' lang='lat' dir='ltr'>voxstnnlex</span> <span class='ocrx_word' id='word_1_33' title='bbox 924 1369 1027 1430; x_wconf 76' lang='lat' dir='ltr'>textui</span> <span class='ocrx_word' id='word_1_34' title='bbox 1051 1366 1169 1429; x_wconf 84' lang='lat' dir='ltr'>inserta</span> 
     </span>
     <span class='ocr_line' id='line_1_6' title="bbox 278 1468 290 1513; baseline 0 0"><span class='ocrx_word' id='word_1_35' title='bbox 278 1468 290 1513; x_wconf 86' lang='lat'>1</span> 
     </span>
    </p>
   </div>
   <div class='ocr_carea' id='block_1_3' title="bbox 291 1446 1254 1520">
    <p class='ocr_par' dir='ltr' id='par_1_3' title="bbox 291 1446 1254 1520">
     <span class='ocr_line' id='line_1_7' title="bbox 291 1446 1254 1520; baseline 0 -11"><span class='ocrx_word' id='word_1_36' title='bbox 291 1461 325 1517; x_wconf 90' lang='lat' dir='ltr'>t,</span> <span class='ocrx_word' id='word_1_37' title='bbox 346 1464 414 1509; x_wconf 83' lang='lat' dir='ltr'>eam</span> <span class='ocrx_word' id='word_1_38' title='bbox 431 1458 540 1511; x_wconf 80' lang='lat' dir='ltr'>tamen</span> <span class='ocrx_word' id='word_1_39' title='bbox 563 1448 605 1510; x_wconf 88' lang='lat' dir='ltr'>ab</span> <span class='ocrx_word' id='word_1_40' title='bbox 626 1446 777 1513; x_wconf 88' lang='lat' dir='ltr'>omnibus</span> <span class='ocrx_word' id='word_1_41' title='bbox 802 1448 903 1512; x_wconf 89' lang='lat' dir='ltr'><strong>MSS.</strong></span> <span class='ocrx_word' id='word_1_42' title='bbox 921 1448 1050 1520; x_wconf 77' lang='lat' dir='ltr'>abesse,</span> <span class='ocrx_word' id='word_1_43' title='bbox 1071 1460 1170 1512; x_wconf 81' lang='lat' dir='ltr'>etex</span> <span class='ocrx_word' id='word_1_44' title='bbox 1252 1500 1254 1509; x_wconf 93' lang='lat'><em>.</em></span> 
     </span>
    </p>
   </div>
   <div class='ocr_carea' id='block_1_4' title="bbox 179 1526 1173 1847">
    <p class='ocr_par' dir='ltr' id='par_1_4' title="bbox 179 1526 1173 1786">
     <span class='ocr_line' id='line_1_8' title="bbox 179 1526 1170 1617; baseline 0 -25"><span class='ocrx_word' id='word_1_45' title='bbox 179 1564 183 1569; x_wconf 95' lang='lat'>·</span> <span class='ocrx_word' id='word_1_46' title='bbox 267 1526 367 1615; x_wconf 83' lang='lat' dir='ltr'>glolla</span> <span class='ocrx_word' id='word_1_47' title='bbox 396 1528 591 1594; x_wconf 80' lang='lat' dir='ltr'>interlineari</span> <span class='ocrx_word' id='word_1_48' title='bbox 622 1533 655 1593; x_wconf 93' lang='lat' dir='ltr'>in</span> <span class='ocrx_word' id='word_1_49' title='bbox 685 1543 809 1596; x_wconf 74' lang='lat' dir='ltr'>tentum</span> <span class='ocrx_word' id='word_1_50' title='bbox 834 1531 1016 1617; x_wconf 63' lang='lat' dir='ltr'>inopima,</span> <span class='ocrx_word' id='word_1_51' title='bbox 1050 1538 1170 1594; x_wconf 84' lang='lat' dir='ltr'>notant</span> 
     </span>
     <span class='ocr_line' id='line_1_9' title="bbox 269 1608 1172 1699; baseline -0.002 -21"><span class='ocrx_word' id='word_1_52' title='bbox 269 1608 491 1689; x_wconf 68' lang='lat' dir='ltr'>correctores,</span> <span class='ocrx_word' id='word_1_53' title='bbox 514 1630 609 1696; x_wconf 87' lang='lat' dir='ltr'>qnam</span> <span class='ocrx_word' id='word_1_54' title='bbox 625 1614 736 1697; x_wconf 78' lang='lat' dir='ltr'>postea</span> <span class='ocrx_word' id='word_1_55' title='bbox 752 1614 930 1699; x_wconf 82' lang='lat' dir='ltr'>pontifices</span> <span class='ocrx_word' id='word_1_56' title='bbox 946 1614 1083 1680; x_wconf 87' lang='lat' dir='ltr'>decreto</span> <span class='ocrx_word' id='word_1_57' title='bbox 1105 1612 1172 1677; x_wconf 87' lang='lat' dir='ltr'>tine</span> 
     </span>
     <span class='ocr_line' id='line_1_10' title="bbox 268 1692 1173 1786; baseline -0.001 -27"><span class='ocrx_word' id='word_1_58' title='bbox 268 1695 418 1761; x_wconf 77' lang='lat' dir='ltr'>examine</span> <span class='ocrx_word' id='word_1_59' title='bbox 446 1708 581 1762; x_wconf 81' lang='lat' dir='ltr'>vtentes</span> <span class='ocrx_word' id='word_1_60' title='bbox 603 1698 827 1782; x_wconf 80' lang='lat' dir='ltr'>adprobarunt</span> <span class='ocrx_word' id='word_1_61' title='bbox 850 1700 880 1763; x_wconf 85' lang='lat' dir='ltr'>in</span> <span class='ocrx_word' id='word_1_62' title='bbox 904 1718 969 1786; x_wconf 78' lang='lat' dir='ltr'>cap.</span> <span class='ocrx_word' id='word_1_63' title='bbox 991 1719 1022 1776; x_wconf 84' lang='lat'>4.</span> <span class='ocrx_word' id='word_1_64' title='bbox 1034 1696 1097 1782; x_wconf 75' lang='lat' dir='ltr'>sep.</span> <span class='ocrx_word' id='word_1_65' title='bbox 1121 1692 1173 1780; x_wconf 77' lang='lat' dir='ltr'>qui</span> 
     </span>
    </p>

    <p class='ocr_par' dir='ltr' id='par_1_5' title="bbox 242 1776 555 1847">
     <span class='ocr_line' id='line_1_11' title="bbox 242 1776 555 1847; baseline -0.016 -2"><span class='ocrx_word' id='word_1_66' title='bbox 242 1826 246 1833; x_wconf 74' lang='lat'><strong>·</strong></span> <span class='ocrx_word' id='word_1_67' title='bbox 269 1780 340 1845; x_wconf 77' lang='lat' dir='ltr'>cler.</span> <span class='ocrx_word' id='word_1_68' title='bbox 363 1776 419 1845; x_wconf 77' lang='lat' dir='ltr'>nel.</span> <span class='ocrx_word' id='word_1_69' title='bbox 443 1796 555 1847; x_wconf 72' lang='lat' dir='ltr'>ponent.</span> 
     </span>
    </p>
   </div>
   <div class='ocr_carea' id='block_1_5' title="bbox 557 2002 798 2109">
    <p class='ocr_par' dir='ltr' id='par_1_6' title="bbox 557 2002 798 2109">
     <span class='ocr_line' id='line_1_12' title="bbox 557 2002 798 2109; baseline -0.025 -25"><span class='ocrx_word' id='word_1_70' title='bbox 557 2002 598 2109; x_wconf 66' lang='lat' dir='ltr'>t.</span> <span class='ocrx_word' id='word_1_71' title='bbox 624 2007 798 2086; x_wconf 82' lang='lat' dir='ltr'>ncmx.</span> 
     </span>
    </p>
   </div>
   <div class='ocr_carea' id='block_1_6' title="bbox 290 2148 1082 2315">
    <p class='ocr_par' dir='ltr' id='par_1_7' title="bbox 290 2148 1082 2315">
     <span class='ocr_line' id='line_1_13' title="bbox 290 2148 1082 2315; baseline 0.001 -26"><span class='ocrx_word' id='word_1_72' title='bbox 290 2210 346 2312; x_wconf 68' lang='grc' dir='ltr'>ι.)</span> <span class='ocrx_word' id='word_1_73' title='bbox 368 2204 474 2287; x_wconf 81' lang='lat' dir='ltr'>&#39;Inter</span> <span class='ocrx_word' id='word_1_74' title='bbox 496 2209 613 2309; x_wconf 81' lang='lat' dir='ltr'>reale,</span> <span class='ocrx_word' id='word_1_75' title='bbox 636 2205 831 2315; x_wconf 77' lang='lat' dir='ltr'>perfhnale</span> <span class='ocrx_word' id='word_1_76' title='bbox 849 2226 887 2286; x_wconf 83' lang='lat' dir='ltr'>et</span> <span class='ocrx_word' id='word_1_77' title='bbox 909 2148 1082 2290; x_wconf 62' lang='lat' dir='ltr'>mixtam.</span> 
     </span>
    </p>
   </div>
   <div class='ocr_carea' id='block_1_7' title="bbox 194 2391 1232 2809">
    <p class='ocr_par' dir='ltr' id='par_1_8' title="bbox 194 2391 1232 2809">
     <span class='ocr_line' id='line_1_14' title="bbox 281 2391 1178 2499; baseline 0.002 -26"><span class='ocrx_word' id='word_1_78' title='bbox 281 2400 337 2497; x_wconf 74' lang='lat' dir='ltr'>a.)</span> <span class='ocrx_word' id='word_1_79' title='bbox 364 2391 559 2499; x_wconf 92' lang='lat' dir='ltr'>Obligatio</span> <span class='ocrx_word' id='word_1_80' title='bbox 576 2392 663 2476; x_wconf 89' lang='lat' dir='ltr'>voti</span> <span class='ocrx_word' id='word_1_81' title='bbox 678 2393 792 2475; x_wconf 85' lang='lat' dir='ltr'>realis</span> <span class='ocrx_word' id='word_1_82' title='bbox 806 2398 891 2476; x_wconf 82' lang='lat' dir='ltr'>iure</span> <span class='ocrx_word' id='word_1_83' title='bbox 908 2396 1090 2476; x_wconf 90' lang='lat' dir='ltr'>canonico</span> <span class='ocrx_word' id='word_1_84' title='bbox 1111 2391 1178 2497; x_wconf 69' lang='lat' dir='ltr'>fit·</span> 
     </span>
     <span class='ocr_line' id='line_1_15' title="bbox 194 2496 1181 2602; baseline -0.006 -21"><span class='ocrx_word' id='word_1_85' title='bbox 194 2514 299 2581; x_wconf 81' lang='lat' dir='ltr'>mata</span> <span class='ocrx_word' id='word_1_86' title='bbox 323 2496 493 2600; x_wconf 64' lang='lat' dir='ltr'>perlecta</span> <span class='ocrx_word' id='word_1_87' title='bbox 520 2498 590 2596; x_wconf 88' lang='lat' dir='ltr'>est,</span> <span class='ocrx_word' id='word_1_88' title='bbox 617 2519 658 2580; x_wconf 88' lang='lat' dir='ltr'>et</span> <span class='ocrx_word' id='word_1_89' title='bbox 681 2525 735 2580; x_wconf 86' lang='lat' dir='ltr'>ex</span> <span class='ocrx_word' id='word_1_90' title='bbox 758 2522 992 2594; x_wconf 73' lang='lat' dir='ltr'>ennomus,</span> <span class='ocrx_word' id='word_1_91' title='bbox 1019 2497 1181 2602; x_wconf 77' lang='lat' dir='ltr'>eiusque</span> 
     </span>
     <span class='ocr_line' id='line_1_16' title="bbox 196 2601 1232 2707; baseline -0.003 -26"><span class='ocrx_word' id='word_1_92' title='bbox 196 2602 334 2681; x_wconf 80' lang='lat' dir='ltr'>haeres</span> <span class='ocrx_word' id='word_1_93' title='bbox 361 2619 560 2693; x_wconf 86' lang='lat' dir='ltr'>tenentur,</span> <span class='ocrx_word' id='word_1_94' title='bbox 586 2625 632 2680; x_wconf 89' lang='lat' dir='ltr'>ac</span> <span class='ocrx_word' id='word_1_95' title='bbox 660 2604 776 2683; x_wconf 88' lang='lat' dir='ltr'>tertio</span> <span class='ocrx_word' id='word_1_96' title='bbox 801 2605 984 2707; x_wconf 85' lang='lat' dir='ltr'>competit</span> <span class='ocrx_word' id='word_1_97' title='bbox 1002 2601 1063 2680; x_wconf 90' lang='lat' dir='ltr'>ius</span> <span class='ocrx_word' id='word_1_98' title='bbox 1095 2626 1187 2678; x_wconf 88' lang='lat' dir='ltr'>rem·</span> <span class='ocrx_word' id='word_1_99' title='bbox 1229 2602 1232 2609; x_wconf 85' lang='lat'>&#39;</span> 
     </span>
     <span class='ocr_line' id='line_1_17' title="bbox 198 2699 1182 2809; baseline -0.001 -28"><span class='ocrx_word' id='word_1_100' title='bbox 198 2724 298 2781; x_wconf 82' lang='lat' dir='ltr'>voto</span> <span class='ocrx_word' id='word_1_101' title='bbox 325 2699 539 2803; x_wconf 77' lang='lat' dir='ltr'>promissam</span> <span class='ocrx_word' id='word_1_102' title='bbox 566 2704 757 2809; x_wconf 85' lang='lat' dir='ltr'>exigendi.</span> <span class='ocrx_word' id='word_1_103' title='bbox 812 2710 955 2789; x_wconf 85' lang='lat' dir='ltr'>Votum</span> <span class='ocrx_word' id='word_1_104' title='bbox 984 2700 1182 2807; x_wconf 66' lang='lat' dir='ltr'>perfianale</span> 
     </span>
    </p>
   </div>
   <div class='ocr_carea' id='block_1_8' title="bbox 198 2797 1306 2914">
    <p class='ocr_par' dir='ltr' id='par_1_9' title="bbox 198 2797 1306 2914">
     <span class='ocr_line' id='line_1_18' title="bbox 198 2797 1306 2914; baseline -0.002 -28"><span class='ocrx_word' id='word_1_105' title='bbox 198 2802 345 2886; x_wconf 83' lang='lat' dir='ltr'>intuitu</span> <span class='ocrx_word' id='word_1_106' title='bbox 368 2803 484 2884; x_wconf 83' lang='lat' dir='ltr'>lolius</span> <span class='ocrx_word' id='word_1_107' title='bbox 506 2809 688 2888; x_wconf 81' lang='lat' dir='ltr'>vouentio</span> <span class='ocrx_word' id='word_1_108' title='bbox 716 2811 800 2888; x_wconf 85' lang='lat' dir='ltr'>vim</span> <span class='ocrx_word' id='word_1_109' title='bbox 821 2808 1012 2914; x_wconf 87' lang='lat' dir='ltr'>obligandi</span> <span class='ocrx_word' id='word_1_110' title='bbox 1048 2806 1181 2885; x_wconf 84' lang='lat' dir='ltr'>habet.</span> <span class='ocrx_word' id='word_1_111' title='bbox 1302 2797 1306 2807; x_wconf 68' lang='grc'><strong>’</strong></span> 
     </span>
    </p>
   </div>
   <div class='ocr_carea' id='block_1_9' title="bbox 150 2906 1251 4039">
    <p class='ocr_par' dir='ltr' id='par_1_10' title="bbox 150 2906 1192 3629">
     <span class='ocr_line' id='line_1_19' title="bbox 201 2906 1188 3010; baseline -0.002 -21"><span class='ocrx_word' id='word_1_112' title='bbox 201 2906 379 2989; x_wconf 64' lang='lat' dir='ltr'>Maletum</span> <span class='ocrx_word' id='word_1_113' title='bbox 389 2909 567 2986; x_wconf 83' lang='lat' dir='ltr'>vouentis</span> <span class='ocrx_word' id='word_1_114' title='bbox 580 2910 750 2990; x_wconf 77' lang='lat' dir='ltr'>defuntti</span> <span class='ocrx_word' id='word_1_115' title='bbox 765 2913 899 2990; x_wconf 81' lang='lat' dir='ltr'>haeres</span> <span class='ocrx_word' id='word_1_116' title='bbox 908 2931 1067 2991; x_wconf 82' lang='lat' dir='ltr'>eatenus</span> <span class='ocrx_word' id='word_1_117' title='bbox 1078 2932 1188 3010; x_wconf 84' lang='lat' dir='ltr'>prae·</span> 
     </span>
     <span class='ocr_line' id='line_1_20' title="bbox 194 3006 1189 3129; baseline -0.002 -40"><span class='ocrx_word' id='word_1_118' title='bbox 194 3006 300 3089; x_wconf 75' lang='lat' dir='ltr'>liare</span> <span class='ocrx_word' id='word_1_119' title='bbox 316 3028 489 3101; x_wconf 87' lang='lat' dir='ltr'>tenetur,</span> <span class='ocrx_word' id='word_1_120' title='bbox 514 3032 700 3129; x_wconf 81' lang='lat' dir='ltr'>quatenus</span> <span class='ocrx_word' id='word_1_121' title='bbox 716 3013 913 3113; x_wconf 85' lang='lat' dir='ltr'>praestatio</span> <span class='ocrx_word' id='word_1_122' title='bbox 929 3014 1046 3094; x_wconf 87' lang='lat' dir='ltr'>realis</span> <span class='ocrx_word' id='word_1_123' title='bbox 1065 3036 1087 3089; x_wconf 90' lang='lat' dir='ltr'>a</span> <span class='ocrx_word' id='word_1_124' title='bbox 1104 3033 1189 3113; x_wconf 85' lang='lat' dir='ltr'>per·</span> 
     </span>
     <span class='ocr_line' id='line_1_21' title="bbox 150 3110 1185 3219; baseline -0.004 -26"><span class='ocrx_word' id='word_1_125' title='bbox 150 3138 154 3145; x_wconf 82' lang='lat'><em>·</em></span> <span class='ocrx_word' id='word_1_126' title='bbox 198 3110 327 3193; x_wconf 81' lang='lat' dir='ltr'>sonali</span> <span class='ocrx_word' id='word_1_127' title='bbox 353 3111 503 3214; x_wconf 85' lang='lat' dir='ltr'>prorsus</span> <span class='ocrx_word' id='word_1_128' title='bbox 528 3118 779 3219; x_wconf 79' lang='lat' dir='ltr'>independens</span> <span class='ocrx_word' id='word_1_129' title='bbox 797 3117 838 3191; x_wconf 91' lang='lat' dir='ltr'>in</span> <span class='ocrx_word' id='word_1_130' title='bbox 866 3140 912 3194; x_wconf 90' lang='lat' dir='ltr'>eo</span> <span class='ocrx_word' id='word_1_131' title='bbox 944 3115 1185 3199; x_wconf 84' lang='lat' dir='ltr'>continetur.</span> 
     </span>
     <span class='ocr_line' id='line_1_22' title="bbox 202 3210 1191 3323; baseline -0.005 -28"><span class='ocrx_word' id='word_1_132' title='bbox 202 3210 276 3295; x_wconf 77' lang='lat' dir='ltr'>nist</span> <span class='ocrx_word' id='word_1_133' title='bbox 300 3214 434 3293; x_wconf 77' lang='lat' dir='ltr'>haeres</span> <span class='ocrx_word' id='word_1_134' title='bbox 461 3212 499 3292; x_wconf 87' lang='lat' dir='ltr'>le</span> <span class='ocrx_word' id='word_1_135' title='bbox 524 3215 655 3319; x_wconf 82' lang='lat' dir='ltr'>sponte</span> <span class='ocrx_word' id='word_1_136' title='bbox 684 3214 877 3323; x_wconf 75' lang='lat' dir='ltr'>obligasset</span> <span class='ocrx_word' id='word_1_137' title='bbox 912 3218 959 3295; x_wconf 84' lang='lat' dir='ltr'>ad</span> <span class='ocrx_word' id='word_1_138' title='bbox 985 3217 1025 3293; x_wconf 89' lang='lat' dir='ltr'>icl</span> <span class='ocrx_word' id='word_1_139' title='bbox 1051 3215 1191 3301; x_wconf 83' lang='lat' dir='ltr'>etiam.</span> 
     </span>
     <span class='ocr_line' id='line_1_23' title="bbox 258 3309 1190 3423; baseline -0.005 -28"><span class='ocrx_word' id='word_1_140' title='bbox 258 3318 307 3395; x_wconf 86' lang='lat' dir='ltr'>od</span> <span class='ocrx_word' id='word_1_141' title='bbox 323 3318 363 3395; x_wconf 93' lang='lat' dir='ltr'>in</span> <span class='ocrx_word' id='word_1_142' title='bbox 381 3341 426 3393; x_wconf 89' lang='lat' dir='ltr'>eo</span> <span class='ocrx_word' id='word_1_143' title='bbox 446 3318 638 3418; x_wconf 86' lang='lat' dir='ltr'>personale</span> <span class='ocrx_word' id='word_1_144' title='bbox 661 3319 713 3399; x_wconf 84' lang='lat' dir='ltr'>est</span> <span class='ocrx_word' id='word_1_145' title='bbox 730 3347 815 3423; x_wconf 83' lang='lat' dir='ltr'>cap.</span> <span class='ocrx_word' id='word_1_146' title='bbox 835 3318 871 3394; x_wconf 88' lang='lat'>6.</span> <span class='ocrx_word' id='word_1_147' title='bbox 888 3315 921 3395; x_wconf 81' lang='lat' dir='ltr'>h.</span> <span class='ocrx_word' id='word_1_148' title='bbox 937 3338 968 3395; x_wconf 87' lang='lat' dir='ltr'>t.</span> <span class='ocrx_word' id='word_1_149' title='bbox 984 3344 1066 3421; x_wconf 84' lang='lat' dir='ltr'>cap.</span> <span class='ocrx_word' id='word_1_150' title='bbox 1090 3318 1127 3393; x_wconf 86' lang='lat'>6.</span> <span class='ocrx_word' id='word_1_151' title='bbox 1144 3309 1190 3391; x_wconf 84' lang='lat' dir='ltr'>de</span> 
     </span>
     <span class='ocr_line' id='line_1_24' title="bbox 173 3338 1189 3529; baseline -0.006 -32"><span class='ocrx_word' id='word_1_152' title='bbox 173 3338 289 3525; x_wconf 51' lang='lat' dir='ltr'>E,</span> <span class='ocrx_word' id='word_1_153' title='bbox 316 3444 410 3522; x_wconf 76' lang='lat' dir='ltr'>puae</span> <span class='ocrx_word' id='word_1_154' title='bbox 428 3419 465 3496; x_wconf 88' lang='lat' dir='ltr'>vi</span> <span class='ocrx_word' id='word_1_155' title='bbox 481 3442 565 3500; x_wconf 86' lang='lat' dir='ltr'>met.</span> <span class='ocrx_word' id='word_1_156' title='bbox 583 3449 667 3529; x_wconf 81' lang='lat' dir='ltr'>cap.</span> <span class='ocrx_word' id='word_1_157' title='bbox 685 3423 720 3500; x_wconf 87' lang='lat'>6.</span> <span class='ocrx_word' id='word_1_158' title='bbox 737 3420 783 3501; x_wconf 82' lang='lat' dir='ltr'>de</span> <span class='ocrx_word' id='word_1_159' title='bbox 803 3421 942 3518; x_wconf 86' lang='lat' dir='ltr'>testam.</span> <span class='ocrx_word' id='word_1_160' title='bbox 960 3448 1044 3523; x_wconf 83' lang='lat' dir='ltr'>cap.</span> <span class='ocrx_word' id='word_1_161' title='bbox 1069 3431 1126 3508; x_wconf 87' lang='lat'>¹8·</span> <span class='ocrx_word' id='word_1_162' title='bbox 1143 3412 1189 3492; x_wconf 86' lang='lat' dir='ltr'>de</span> 
     </span>
     <span class='ocr_line' id='line_1_25' title="bbox 198 3510 1192 3629; baseline -0.005 -30"><span class='ocrx_word' id='word_1_163' title='bbox 198 3524 306 3625; x_wconf 58' lang='lat' dir='ltr'>ulfi</span> <span class='ocrx_word' id='word_1_164' title='bbox 363 3510 506 3601; x_wconf 80' lang='lat' dir='ltr'>Votum</span> <span class='ocrx_word' id='word_1_165' title='bbox 530 3551 553 3603; x_wconf 84' lang='lat' dir='ltr'>a</span> <span class='ocrx_word' id='word_1_166' title='bbox 578 3525 847 3606; x_wconf 82' lang='lat' dir='ltr'>communitate</span> <span class='ocrx_word' id='word_1_167' title='bbox 874 3522 1030 3629; x_wconf 84' lang='lat' dir='ltr'>integra</span> <span class='ocrx_word' id='word_1_168' title='bbox 1046 3519 1192 3599; x_wconf 70' lang='lat' dir='ltr'>latium</span> 
     </span>
    </p>

    <p class='ocr_par' dir='ltr' id='par_1_11' title="bbox 168 3619 1251 4039">
     <span class='ocr_line' id='line_1_26' title="bbox 171 3619 1194 3731; baseline -0.011 -26"><span class='ocrx_word' id='word_1_169' title='bbox 171 3688 174 3693; x_wconf 85' lang='lat'>.</span> <span class='ocrx_word' id='word_1_170' title='bbox 202 3626 288 3715; x_wconf 71' lang='lat' dir='ltr'>mon</span> <span class='ocrx_word' id='word_1_171' title='bbox 307 3623 468 3728; x_wconf 88' lang='lat' dir='ltr'>imponit</span> <span class='ocrx_word' id='word_1_172' title='bbox 490 3629 647 3728; x_wconf 84' lang='lat' dir='ltr'>posteris</span> <span class='ocrx_word' id='word_1_173' title='bbox 675 3625 945 3731; x_wconf 85' lang='lat' dir='ltr'>obligationem</span> <span class='ocrx_word' id='word_1_174' title='bbox 970 3619 1194 3730; x_wconf 87' lang='lat' dir='ltr'>religionis:</span> 
     </span>
     <span class='ocr_line' id='line_1_27' title="bbox 168 3724 1195 3839; baseline -0.011 -29"><span class='ocrx_word' id='word_1_175' title='bbox 168 3746 175 3771; x_wconf 85' lang='grc'>“·</span> <span class='ocrx_word' id='word_1_176' title='bbox 206 3728 282 3831; x_wconf 80' lang='lat' dir='ltr'>hos</span> <span class='ocrx_word' id='word_1_177' title='bbox 301 3736 434 3809; x_wconf 84' lang='lat' dir='ltr'>tamen</span> <span class='ocrx_word' id='word_1_178' title='bbox 447 3734 591 3828; x_wconf 88' lang='lat' dir='ltr'>teneri,</span> <span class='ocrx_word' id='word_1_179' title='bbox 618 3734 686 3811; x_wconf 89' lang='lat' dir='ltr'>vel</span> <span class='ocrx_word' id='word_1_180' title='bbox 713 3754 765 3807; x_wconf 90' lang='lat' dir='ltr'>ex</span> <span class='ocrx_word' id='word_1_181' title='bbox 792 3726 965 3834; x_wconf 84' lang='lat' dir='ltr'>legitima</span> <span class='ocrx_word' id='word_1_182' title='bbox 999 3724 1195 3839; x_wconf 62' lang='lat' dir='ltr'>consuptu·</span> 
     </span>
     <span class='ocr_line' id='line_1_28' title="bbox 207 3823 1197 3927; baseline -0.016 -10"><span class='ocrx_word' id='word_1_183' title='bbox 207 3830 325 3927; x_wconf 71' lang='lat' dir='ltr'>diue,</span> <span class='ocrx_word' id='word_1_184' title='bbox 352 3834 417 3909; x_wconf 89' lang='lat' dir='ltr'>vel</span> <span class='ocrx_word' id='word_1_185' title='bbox 441 3858 492 3911; x_wconf 82' lang='lat' dir='ltr'>ex</span> <span class='ocrx_word' id='word_1_186' title='bbox 509 3834 665 3927; x_wconf 81' lang='lat' dir='ltr'>statuto,</span> <span class='ocrx_word' id='word_1_187' title='bbox 692 3831 759 3911; x_wconf 87' lang='lat' dir='ltr'>vel</span> <span class='ocrx_word' id='word_1_188' title='bbox 776 3856 827 3909; x_wconf 83' lang='lat' dir='ltr'>ex</span> <span class='ocrx_word' id='word_1_189' title='bbox 855 3833 1033 3910; x_wconf 86' lang='lat' dir='ltr'>vltronea</span> <span class='ocrx_word' id='word_1_190' title='bbox 1054 3823 1197 3907; x_wconf 75' lang='lat' dir='ltr'>ramu-</span> 
     </span>
     <span class='ocr_line' id='line_1_29' title="bbox 207 3922 1251 4039; baseline -0.011 -25"><span class='ocrx_word' id='word_1_191' title='bbox 207 3934 357 4023; x_wconf 77' lang='lat' dir='ltr'>bitione</span> <span class='ocrx_word' id='word_1_192' title='bbox 375 3937 487 4015; x_wconf 86' lang='lat' dir='ltr'>docet</span> <span class='ocrx_word' id='word_1_193' title='bbox 505 3937 677 4016; x_wconf 76' lang='lat' dir='ltr'>Svnnnz</span> <span class='ocrx_word' id='word_1_194' title='bbox 697 3957 786 4010; x_wconf 87' lang='lat' dir='ltr'>tom.</span> <span class='ocrx_word' id='word_1_195' title='bbox 808 3931 861 4013; x_wconf 89' lang='lat' dir='ltr'>II.</span> <span class='ocrx_word' id='word_1_196' title='bbox 886 3929 933 4010; x_wconf 84' lang='lat' dir='ltr'>de</span> <span class='ocrx_word' id='word_1_197' title='bbox 961 3932 1063 4039; x_wconf 76' lang='lat' dir='ltr'>relig.</span> <span class='ocrx_word' id='word_1_198' title='bbox 1087 3922 1194 4019; x_wconf 66' lang='lat' dir='ltr'>traci·</span> <span class='ocrx_word' id='word_1_199' title='bbox 1248 3971 1251 3982; x_wconf 92' lang='lat'>·</span> 
     </span>
    </p>
   </div>
   <div class='ocr_carea' id='block_1_10' title="bbox 213 4032 930 4146">
    <p class='ocr_par' dir='ltr' id='par_1_12' title="bbox 213 4032 930 4146">
     <span class='ocr_line' id='line_1_30' title="bbox 213 4032 930 4146; baseline -0.017 -23"><span class='ocrx_word' id='word_1_200' title='bbox 213 4036 289 4123; x_wconf 78' lang='lat' dir='ltr'>VI.</span> <span class='ocrx_word' id='word_1_201' title='bbox 306 4032 351 4117; x_wconf 84' lang='lat' dir='ltr'>de</span> <span class='ocrx_word' id='word_1_202' title='bbox 374 4057 452 4117; x_wconf 86' lang='lat' dir='ltr'>vot.</span> <span class='ocrx_word' id='word_1_203' title='bbox 478 4035 541 4119; x_wconf 77' lang='lat' dir='ltr'>lib.</span> <span class='ocrx_word' id='word_1_204' title='bbox 559 4038 586 4119; x_wconf 85' lang='lat'><em>1</em></span> <span class='ocrx_word' id='word_1_205' title='bbox 588 4040 631 4122; x_wconf 89' lang='lat' dir='ltr'>V.</span> <span class='ocrx_word' id='word_1_206' title='bbox 651 4066 737 4146; x_wconf 81' lang='lat' dir='ltr'>cap.</span> <span class='ocrx_word' id='word_1_207' title='bbox 756 4061 791 4141; x_wconf 85' lang='lat'>9.</span> <span class='ocrx_word' id='word_1_208' title='bbox 810 4055 848 4115; x_wconf 88' lang='lat' dir='ltr'>et</span> <span class='ocrx_word' id='word_1_209' title='bbox 873 4061 930 4116; x_wconf 86' lang='lat'>11·</span> 
     </span>
    </p>
   </div>
   <div class='ocr_carea' id='block_1_11' title="bbox 0 0 1446 5167">
    <p class='ocr_par' dir='ltr' id='par_1_13' title="bbox 0 0 1446 5167">
     <span class='ocr_line' id='line_1_31' title="bbox 0 0 1446 5167; baseline 0 0"><span class='ocrx_word' id='word_1_210' title='bbox 0 0 1446 5167; x_wconf 95' lang='lat' dir='ltr'> </span> 
     </span>
    </p>
   </div>
  </div>
 </body>
</html>
