2784 5167
791 539 794 551 ,
1092 536 1097 545 ·

289 891 780 997 381vn1srnvuuur1ns
808 888 1212 982 scennsnsncnn,

705 1089 742 1194 ς.
769 1091 850 1170 LX.

552 1260 680 1340 Huius
701 1262 805 1343 tituli
819 1260 996 1368 partitio.

372 1441 450 1515 Tot
474 1432 688 1512 seculorum
709 1437 870 1533 merita,
904 1453 1026 1517 tantas
1044 1434 1085 1511 in
1109 1433 1181 1512 hoc
1198 1459 1268 1512 ne·

267 1541 392 1650 ¹gotio
425 1535 605 1617 ecclestae
628 1536 802 1643 vigilias,
845 1561 921 1639 quo
944 1537 1113 1640 penitius
1139 1537 1268 1616 videa·
1292 1582 1294 1587 ·
1314 1536 1321 1593 '¹

287 1669 392 1736 mus,
431 1640 650 1735 adcuratior
675 1645 794 1744 paulo
818 1640 934 1721 tituli.
953 1641 1066 1720 huius
1088 1640 1268 1720 uastatio
1319 1710 1321 1717 ,

290 1747 417 1827 faciet.
472 1748 601 1844 Quare
627 1742 829 1821 dicendum
854 1743 1010 1822 videtur
1036 1746 1085 1838 1.)
1112 1746 1160 1820 de
1186 1740 1270 1840 rest·
1315 1756 1319 1763 ’

288 1846 417 1930 dentia
447 1846 710 1951 episcoporum.
763 1848 833 1943 11.)
860 1849 908 1924 de
933 1841 1126 1942 residentia
1155 1871 1276 1948 paro·

289 1945 460 2040 eborum,
501 1948 740 2050 aliorumque
768 1969 1001 2040 curatorum,
1044 1947 1161 2026 etiarn
1186 1945 1275 2025 reli·

317 2051 478 2151 iosbrum
528 2053 608 2149 ΙΙΙ.)
633 2049 681 2125 de
699 2047 892 2144 reficientia
915 2050 1097 2141 illorum,
1125 2049 1190 2154 qui
1205 2049 1278 2153 ha·¹

288 2078 382 2234 {ent
404 2149 568 2256 fimplex
608 2147 853 2249 beneficium,
906 2172 948 2229 et
990 2153 1271 2230 canonicorum.

292 2261 403 2358 Quae
422 2253 477 2332 ita
495 2253 828 2356 pertractabimus,
845 2274 900 2356 ⁴vt
918 2254 1048 2333 audito
1069 2257 1155 2333 iure
1177 2254 1274 2360 legi·
1286 2263 1306 2295 '·

290 2361 403 2440 simas
418 2351 638 2437 residentiae
655 2357 919 2460 exceptiones,
946 2379 985 2435 et
1001 2382 1141 2457 poenas
1153 2360 1279 2443 etiam

293 2489 370 2541 non
386 2456 629 2541 residentium
649 2460 752 2538 haud
773 2482 1065 2565 praetereamus.
1302 2461 1307 2471 '

701 2699 740 2801 5.
766 2700 865 2778 LXI.

265 2845 268 2848 Δ
382 2866 567 2976 Episcopi
588 2869 668 2947 iure
682 2854 810 2948 diuino
833 2865 986 2968 residere
1001 2889 1185 2948 tenentur.

381 3024 420 3100 Si
448 3044 576 3128 patres
601 3022 820 3117 audiamus,
845 3021 1031 3102 resrdendi
1047 3021 1277 3118 necessitas,

265 3125 268 3133 ’
296 3125 742 3232 qualiganturepiscopi,
770 3156 846 3206 non
862 3126 1277 3206 arbitrariisvniusecss

279 3228 432 3329 ,clefiae
449 3227 631 3321 decretis,
658 3229 723 3307 sed
745 3228 822 3331 lege
845 3231 939 3308 adeo
969 3227 1099 3305 diuina
1121 3229 1278 3346 impofi·

293 3345 335 3412 t'a
365 3330 451 3422 est,
475 3350 514 3408 et
542 3325 703 3410 firmata.
756 3339 886 3436 Quare
911 3330 1108 3411 fortiffima
1135 3330 1278 3425 etram',

294 3459 391 3539 quae
415 3433 506 3531 huic
529 3433 674 3510 cauffae
704 3436 1012 3550 patrocinantur,
1037 3453 1281 3538 argumento·

291 3561 379 3614 rum
395 3532 554 3620 subsrdia
564 3561 603 3614 et
619 3535 734 3616 sacris
746 3538 903 3628 litteriS,
913 3557 951 3614 et
970 3536 1125 3613 innatae
1143 3561 1276 3614 mune·

294 3636 349 3716 ris
376 3635 561 3741 pastoritii
586 3659 745 3717 naturae
773 3639 1023 3719 consentanea
1039 3637 1081 3715 in
1106 3636 1279 3716 medium

296 3737 481 3818 adferunt
543 3742 658 3818 Certe
685 3741 854 3845 quisquis
893 3742 934 3817 in
961 3739 1147 3844 pastorum
1173 3737 1276 3816 ordi-

296 3866 384 3925 nem
404 3839 531 3934 venit,
558 3841 694 3919 Christi
710 3844 748 3919 in
767 3869 831 3934 ea,
861 3868 958 3948 quae
979 3841 1182 3946 obtigerit,
1212 3864 1279 3919 ee·

294 3943 428 4026 clefiae
468 3965 576 4048 parte
609 3945 716 4045 vices
743 3944 852 4025 subit.
915 3955 1042 4046 Atque
1073 3939 1279 4047 personale

295 4049 372 4129 hoc
402 4048 605 4153 quidquam
636 4074 916 4148 nuncupamus,
949 4048 1039 4151 quia
1064 4048 1277 4150 adligatum

293 4151 482 4252 personae·
493 4151 676 4232 censetur.
705 4155 744 4228 Si
762 4178 869 4236 vero,
894 4149 1193 4230 vtcertiffimum
1209 4147 1280 4240 est,

297 4251 437 4354 absque
440 4255 740 4355 perfimaliapud
750 4281 903 4359 gregem
913 4251 1134 4332 refidentiae
1146 4247 1279 4330 officio

262 4373 263 4377 ‘
296 4352 387 4430 huic
413 4352 586 4434 satisfieri
609 4381 794 4459 nequeat,
821 4358 905 4455 pari
924 4357 1028 4442 iure,
1055 4358 1093 4432 id
1120 4354 1190 4447 est,
1218 4349 1279 4429 di·

219 4479 222 4485 ¹
295 4452 383 4529 uino
410 4459 458 4532 ad
489 4458 722 4538 residendum
756 4459 947 4564 episcopos
975 4459 1098 4534 teneri
1130 4459 1283 4536 fateare

294 4542 438 4649 necare
463 4557 533 4637 eu
1036 4559 1074 4662 s.
1104 4563 1220 4638 Lxu.
1308 4634 1311 4638 ,
