2784 5167
520 526 523 531 .
766 526 769 535 .
920 488 924 498 '
996 483 1054 525 'r-

509 616 532 637 0

198 910 250 994 80
299 897 1129 994 rvmsmvnmmEccmsmsncm,

573 1095 611 1202 ς.
646 1103 795 1182 cxvn.

300 1270 531 1377 Praesertim
548 1275 588 1353 in
612 1216 1076 1374 ecclesiis'catlzedralibur.
1120 1277 1127 1291 ‘
1177 1384 1179 1389 Ι

283 1450 474 1527 Maiorem
487 1446 527 1524 in
546 1446 699 1526 modum
718 1453 882 1524 mixtum
892 1444 965 1524 hoc
982 1444 1185 1526 conseren-

197 1548 238 1626 di
271 1551 330 1629 ius
370 1554 411 1628 in
455 1548 639 1648 beneficiis
672 1545 947 1626 cathedralibus
986 1551 1176 1653 probatur.
1200 1566 1221 1633 ἢ

199 1652 302 1755 Quid
328 1656 430 1730 enim
447 1653 606 1758 aequius
626 1649 698 1730 effe
728 1649 863 1770 potest,
888 1677 1001 1752 quam
1020 1675 1066 1728 vr
1084 1650 1179 1759 epis·
1216 1678 1218 1683 ·

198 1781 330 1933 efflas,
360 1777 400 1834 et
422 1757 650 1859 capitulum,
677 1778 894 1857 qu1corpus
911 1754 1036 1832 veluti
1054 1777 1177 1852 vnum

202 1885 224 1935 e
268 1860 375 1938 ciunt
392 1883 475 1936 cum
497 1860 543 1934 de
560 1859 743 1949 canonici,
756 1855 876 1951 idest,
903 1855 995 1935 noui
1011 1859 1175 1940 membri

198 1959 387 2038 eleclione
415 1963 561 2061 agitur,
597 1982 675 2037 vna
693 1960 913 2066 suffragium
936 1960 1063 2038 serant
1089 1988 1175 2065 cap.

201 2085 257 2161 15.
274 2059 320 2138 de
335 2064 485 2162 aonceffi
495 2059 629 2165 praeb.
652 2089 734 2165 cap.
755 2093 812 2140 va.
834 2057 966 2242 rre¹sed.
979 2087 1059 2138 vac.
1079 2060 1119 2140 in
1135 2064 1176 2140 6.

198 2167 344 2344 Versum
360 2165 527 2270 eligendi
544 2168 678 2245 modus
702 2165 742 2242 in
759 2168 869 2245 diuet
881 2188 914 2243 ιε
934 2160 1101 2242 ecelefiis
1122 2165 1177 2243 di·

197 2293 268 2344 uer
287 2294 328 2346 us
354 2273 413 2345 est
1195 2306 1198 2311 ·

196 2473 380 2538 Zreanvs.
402 2471 460 2535 iur.
480 2495 542 2534 noa.
560 2473 607 2537 rir.
629 2466 662 2532 de
678 2472 773 2555 praa.
800 2497 871 2536 mem.
888 2491 919 2547 4.
942 2488 985 2537 ex
1002 2470 1114 2539 eadem
1131 2484 1180 2541 u·

279 2563 370 2620 tione
387 2557 456 2618 iure
473 2561 631 2619 communi
650 2556 769 2620 elestio
785 2560 1009 2621 canonicorum
1032 2563 1179 2623 ecclelia·

279 2659 348 2704 rum
376 2642 492 2721 colleg.
520 2640 661 2723 sperare
687 2642 816 2704 videtur
840 2642 880 2704 ad
911 2646 1085 2704 canonicos
1109 2659 1178 2707 vna

278 2741 350 2786 curn
364 2721 566 2798 suodecrmo¹
582 2736 635 2786 aut
645 2721 720 2800 illo,
740 2727 794 2803 qui
813 2742 885 2788 cum
903 2728 1064 2788 canonicis
1074 2740 1178 2792 vuum

280 2823 398 2890 corpus
425 2805 604 2879 constituit3
636 2811 777 2888 quamuis
802 2823 836 2872 et
855 2809 1027 2892 aliquando
1042 2807 1106 2875 hoc
1126 2812 1177 2874 lu·

279 2890 320 2954 ad
342 2891 443 2954 solum
464 2890 676 2976 praepositum
694 2894 865 2976 pertineat.

561 3127 601 3233 5.
628 3132 795 3211 cxvm.

265 3325 535 3415 Adtendendus
556 3355 681 3414 tamen
704 3334 754 3433 est
774 3340 858 3439 vfirr
870 3334 1109 3462 firgulararri

562 3439 798 3539 ecclestarum.

288 3614 436 3689 Verum
452 3609 493 3689 in
511 3612 584 3692 hac
606 3608 877 3691 beneficiorum
894 3611 1097 3695 collatione
1113 3616 1179 3695 ad-

199 3715 410 3795 tendendus
441 3712 494 3792 est
528 3720 613 3815 vsur
640 3712 875 3818 fingulamm
923 3714 1205 3817 ecclefiarwn„

182 3812 185 3827 '
222 3816 262 3893 ui
287 3812 365 3894 fiue
389 3832 440 3893 ex
471 3816 551 3894 iure
574 3819 772 3913 communi,
814 3815 891 3896 fiue
907 3817 1068 3923 speciali
1078 3822 1177 3917 srm-
1214 3848 1221 3859 ·

192 3840 368 4016 immae,
394 3916 473 3996 fiue
490 3918 656 4022 legitima
666 3921 986 4026 praescriptione,
1011 3940 1081 3997 aur
1090 3919 1179 4026 pri·

194 4020 328 4126 uilegio
354 4023 410 4099 ori
440 4022 540 4101 inem
564 4026 722 4117 habeat,
756 4024 960 4103 seruandus
986 4025 1059 4103 est:
1084 4049 1179 4107 cum

195 4127 262 4204 hic
291 4047 437 4205 nonrdii
464 4129 511 4205 de
543 4129 758 4234 disciplinae
792 4148 983 4206 momento
1014 4146 1178 4234 agatur,

193 4250 290 4326 quae
305 4254 376 4327 pro
397 4252 625 4336 temporum,
649 4251 689 4312 et
705 4234 889 4312 bonorum
904 4232 1093 4313 varietate
1108 4252 1180 4311 vri·

193 4328 253 4407 ria
272 4329 345 4407 effe
362 4332 492 4432 potest.
1096 4393 1099 4399 ·
1201 4375 1205 4389 ·

1023 4600 1123 4686 Quid·
