2784 5167
455 839 669 925 ‘Paua
722 847 785 924 111.
1080 806 1154 962 ῃΙ

140 1033 223 1112 dem
245 1033 409 1119 decreto
435 1033 589 1110 condito
614 1031 655 1109 in
666 1031 755 1131 seff
781 1029 940 1116 XXIV.
958 1061 1043 1137 cap.
1075 1061 1131 1140 ¹7·

148 1135 188 1214 de
208 1137 369 1235 reform.
429 1133 551 1231 Quod
570 1135 609 1211 in
643 1135 920 1240 quibuscunque
938 1138 1133 1314 peanis,

147 1265 366 1342 quocunque
387 1236 523 1330 titulo,
550 1236 692 1335 etiamsi
717 1236 976 1317 cardinalatus
1043 1268 1133 1318 nore

132 1340 350 1442 jalgeantr
384 1336 543 1417 mandat
579 1338 788 1440 obseruari,
825 1361 866 1417 vt
900 1342 1133 1444 imposterum

141 1465 258 1520 unum
284 1461 446 1518 tantum
469 1439 679 1539 beneficium
713 1439 988 1541 ecclefiasticum
1003 1442 1134 1546 fingu-

148 1542 200 1621 lis
207 1544 440 1641 conferatur.
498 1541 617 1641 Quod
632 1543 824 1646 quidemst
838 1545 1023 1623 advitam
1041 1548 1132 1641 eius,

143 1644 207 1748 cui
235 1649 453 1746 confertur,
479 1641 624 1745 honeste
632 1647 918 1745 sustentandam
944 1647 1132 1749 nonsuffi·

144 1747 253 1839 ciat,
287 1750 424 1842 liceat,
442 1742 681 1828 nihilominus
714 1747 823 1825 aliud
839 1747 1006 1853 simplex
1028 1748 1133 1851 suffi-

145 1848 276 1943 ciens,
302 1849 411 1928 modo
438 1873 633 1954 atrumque
642 1850 875 1953 personalem
901 1849 1133 1950 refiderttiant

143 1977 225 2028 non
242 1954 429 2058 requirat,
457 1952 573 2032 eidem
590 1954 762 2051 conferri.
814 1952 925 2032 Haec
946 1980 1041 2056 quae
1056 1982 1133 2031 non

145 2048 263 2129 mado
287 2053 337 2134 ad
359 2052 594 2135 cathedrales
624 2051 807 2161 ecclestas,
834 2054 909 2157 sed
942 2057 1055 2133 etiam
1080 2051 1134 2130 ad

146 2152 233 2230 alia
259 2159 383 2237 omnia
407 2157 581 2258 beneficia
610 2177 689 2232 tarn
707 2157 920 2257 secularia,
946 2184 1057 2257 quarn
1079 2184 1133 2233 re·

151 2252 330 2356 gularia,
359 2286 589 2364 quaeeunque
614 2258 727 2336 etiam
752 2255 1024 2350 commendata,
1045 2285 1129 2362 per·

130 2357 326 2560 ⁸bineant,
355 2364 594 2466 cuiuscunque
614 2358 736 2455 tituli,
764 2388 810 2438 ac
836 2359 1033 2463 qualitatis
1057 2358 1133 2438 exi·

178 2478 262 2538 ant.

147 2666 242 2733 add.
259 2669 323 2752 seffi
347 2666 426 2735 VII.
445 2686 653 2752 eap„21.et4.
678 2670 711 2735 de
726 2674 841 2754 reform.
884 2671 971 2754 Ergo
994 2663 1132 2731 auetori-

234 2767 303 2818 tate
327 2745 443 2817 concilii
470 2754 616 2818 tridentini
641 2774 705 2819 non
730 2758 834 2820 carnis
858 2759 988 2820 omnino
1011 2748 1133 2816 benefi-

172 2888 180 2895 ,
232 2840 587 3006 ciorstctqqpatqcutuulatio
604 2837 804 2924 fimpliciter‚
826 2855 861 2906 et
876 2840 1055 2927 promiscue
1071 2833 1133 2900 fuit
1243 2890 1245 2893 .

230 2938 293 3005 pro
412 2967 420 2982 .

550 3144 590 3249 s.
618 3145 751 3225 exin.
809 3186 821 3212 .

336 3353 403 3453 V.)
432 3349 533 3432 Sunt
549 3350 701 3431 elec'liua
714 3367 752 3427 et
768 3349 956 3429 collatiua.

242 3529 371 3628 Quum
392 3531 558 3638 denique
586 3527 662 3602 duo
686 3525 789 3604 modi
810 3518 992 3626 supersint
1008 3518 1136 3621 adqui·

149 3630 266 3706 rendi
285 3631 468 3712 beneficia
486 3658 554 3741 per
573 3628 779 3708 solemnem
799 3622 1042 3719 eleffiomm,
1069 3622 1137 3699 vel

153 3727 364 3839 {implicem
382 3737 590 3830 dationem,
603 3755 699 3832 quae
715 3728 947 3822 donationis,
968 3728 1035 3805 vel
1050 3751 1136 3830 pro·

154 3833 312 3919 uifionis
338 3839 501 3941 speciem
526 3834 752 3947 praesefert,
780 3856 820 3913 et
845 3827 997 3912 collatio
1017 3826 1139 3910 nomi·

154 3960 284 4017 natur.
338 3948 409 4043 V.)
436 3949 524 4024 Inde
558 3938 743 4019 distinaio
775 3936 908 4041 quinta
937 3927 1139 4011 beneficio·

151 4062 244 4118 rum
273 4049 465 4144 nascitur,
495 4073 591 4151 quae
615 4040 843 4118 eleeiuorum
859 4034 940 4126 est,
966 4061 1006 4118 et
1026 4030 1139 4114 calla·
1246 4059 1248 4062 ·

151 4144 332 4227 tiuarunt.
384 4155 446 4229 De
478 4149 664 4233 electione
691 4164 820 4222 autem
846 4135 1055 4247 iam.supra
1075 4134 1138 4215 lit.

147 4244 182 4323 1·
229 4255 291 4334 tit.
332 4273 372 4332 ὅ.
405 4253 654 4334 difleruimus.
706 4247 864 4344 Restat,
920 4262 967 4320 vt
1008 4243 1073 4324 hie
1092 4243 1140 4321 de

150 4354 361 4439 collatione
390 4385 557 4465 agamus.

884 4541 926 4648 ς.
954 4537 1088 4622 cx1v.
