2784 5167
499 846 532 933 P
559 883 589 934 n
616 876 689 934 tte
738 852 802 931 111.
1060 846 1134 954 431‘

499 1058 540 1164 ς.
569 1062 782 1143 ntxxtv.

280 1256 496 1368 Nequidem
520 1292 570 1345 er
594 1265 707 1348 titulo
728 1262 990 1371 paupertatis.

219 1477 372 1563 Vnicus
395 1479 467 1566 est,
493 1474 559 1581 qui
583 1475 747 1555 alicuius
768 1476 950 1557 momenti
970 1472 1043 1557 elie
1071 1476 1130 1560 vi·

176 1606 273 1675 aur.
306 1588 415 1665 dotes
442 1582 488 1659 ab
519 1580 822 1685 ingredientibus
860 1581 1130 1662 monasterium
1268 1618 1271 1629 ·

176 1688 349 1799 tigendi,
394 1704 646 1789 praetextus3
684 1684 910 1763 subleuanda
945 1686 1128 1767 nimirum

176 1791 357 1875 ‚onusterii
366 1808 593 1893 paupertas.
619 1787 685 1873 Ast
706 1812 752 1865 ea
769 1788 1038 1892 praetenditur
1052 1787 1127 1867 sae·

176 1896 310 1988 illitae,
336 1916 431 1997 quae
447 1918 490 1970 re
506 1914 600 1971 vera
620 1919 697 1970 non
715 1888 844 1969 subest.
899 1894 1046 1969 Demus
1062 1917 1128 1970 au·

176 2026 223 2079 mn
246 2018 410 2076 revera
437 2018 585 2096 pauper
609 1992 681 2073 else
701 1992 988 2073 monasterium:
1015 1992 1055 2070 Si
1073 2014 1128 2075 ta·

176 2126 257 2187 ten,
277 2098 337 2177 uie
352 2098 543 2189 attendat,
568 2120 681 2200 quam
699 2095 815 2175 facile
834 2094 873 2173 in
888 2094 1127 2190 simoniacas,

176 2202 208 2285 ts
331 2255 345 2297 ,
381 2222 421 2283 et
446 2198 678 2279 scandalosas
705 2198 923 2279 exattiones
948 2198 1127 2279 monaste·

176 2304 404 2392 emmeant,
429 2303 611 2383 fititulus
626 2300 873 2407 paupertatis
887 2303 1124 2395 admittatur,

176 2398 441 2489 mdifficulter
458 2407 671 2513 intelliget,
697 2429 810 2511 quam
820 2400 1129 2484 meritoeccleste

176 2534 293 2593 neem
315 2510 359 2589 in
387 2510 602 2591 admiffione
631 2512 679 2589 ad
706 2506 953 2613 religionem,
982 2506 1125 2613 padio·
1236 2584 1238 2591 ,

176 2628 230 2695 eni
252 2630 368 2715 atque
393 2613 631 2693 eradionem
650 2610 911 2718 prohibuerim
937 2635 1057 2713 neque
1077 2608 1125 2691 ti·

176 2716 269 2797 tl'um
281 2718 518 2819 paupertatis
530 2719 571 2793 in
586 2716 669 2795 vllo
685 2716 753 2794 suo
770 2716 925 2793 decreto
942 2714 1124 2818 tanquam

176 2816 393 2897 tfficientem
416 2821 464 2897 ad
487 2818 790 2899 iustificationem
813 2817 996 2898 eiusmodi
1013 2838 1123 2895 exac·
1200 2892 1202 2896 .

176 2920 256 3003 nnio
275 2920 479 3003 admiserit.

176 3156 296 3209 ronta.
313 3136 506 3204 cinnum.
524 3141 573 3207 lib.
593 3137 618 3205 I.
637 3138 670 3205 de
683 3139 786 3221 fitnon.
809 3139 894 3206 artie.
917 3162 963 3224 ¹⁷·
988 3146 1054 3210 item
1072 3140 1121 3212 til.

176 3278 181 3285 .
221 3218 291 3290 1r1.
308 3224 397 3286 artic.
415 3244 461 3284 ιο.
506 3229 608 3308 Igitur
626 3228 732 3290 omnin
755 3228 884 3293 decreta
911 3226 966 3291 has
984 3226 1124 3293 exustio-

222 3324 284 3373 nes
309 3308 537 3392 proscribenda
564 3313 777 3395 generaliter,
807 3328 844 3374 ac
868 3310 1048 3378 indistinete
1072 3314 1121 3377 lo·

193 3400 385 3477 ..quuntun
406 3397 509 3468 nullu,
530 3395 614 3460 inter
641 3397 798 3478 opulenta
822 3407 857 3458 et
877 3413 940 3459 non
965 3398 1122 3479 opulenta

222 3472 423 3552 monasteria,
455 3475 537 3544 sada
569 3479 769 3545 dillindlione
802 3494 934 3542 sunnon.
960 3480 1121 3545 Nrcneu.

220 3556 342 3627 statu.
360 3578 408 3635 ¹9·
425 3582 487 3644 cap.
510 3570 539 3635 8.
557 3580 584 3625 et
605 3583 656 3639 40.
674 3558 823 3639 destinor.
852 3584 914 3646 cap.
944 3575 970 3640 3.
1000 3560 1033 3624 de
1049 3559 1118 3641 stat.

220 3638 347 3707 menard.
391 3644 475 3720 Quid
506 3650 622 3729 quaeso
649 3649 767 3715 clarius
792 3640 854 3709 elle
876 3642 981 3731 potest
1003 3662 1064 3729 cap.
1093 3666 1119 3707 ι.

196 3750 199 3755 ·
220 3723 366 3803 defluum
387 3745 539 3812 extrnmg.
558 3752 655 3793 comm.
675 3750 753 3792 vnn
775 3730 890 3792 Eseeu
909 3728 932 3791 t.
949 3752 974 3793 c.
991 3750 1053 3813 rap.
1071 3726 1121 3795 11.
1241 3794 1243 3799 ,

191 3806 194 3813 ’
220 3808 289 3875 Sed
312 3809 352 3872 ad
378 3813 561 3887 consuetum
583 3814 722 3879 omnium
746 3814 899 3878 abusuum
920 3814 1063 3899 asylum,
1084 3808 1123 3872 ad

219 3890 436 3970 confitetudinem
461 3910 641 3963 recurrunt.
684 3898 808 3959 vetunt
835 3897 954 3965 adltum
980 3900 1042 3965 iem
1067 3910 1120 3960 ⁰0

217 3972 317 4049 clufit
338 3994 417 4046 vnit
437 3978 555 4051 emm
578 3978 684 4065 addire.
706 3979 758 4044 cit.
775 4000 839 4068 cap.
855 3977 919 4048 IV.

803 4568 842 4698 ἐς.
872 4582 1064 4677 ntxxr,
