2784 5167
477 818 784 903 Panalls.
1068 839 1144 923 137

205 1037 210 1046 ·
256 1008 425 1077 tlscribunt.
456 1009 491 1073 S.
509 1010 1142 1097 Ivoepisc.tarnot.epill.6o.Sternere.

254 1098 399 1161 scurrae.
425 1091 505 1175 epist.
534 1103 603 1161 160.
631 1094 699 1162 vid.
726 1099 816 1162 Van
836 1100 968 1163 Esm·
990 1092 1028 1162 P.
1047 1092 1076 1161 I.
1094 1092 1143 1159 tir.

249 1180 312 1264 Vll.
325 1200 389 1269 rap.
401 1174 449 1246 II·

540 1403 581 1505 ς.
610 1401 761 1478 cxcv.

292 1608 453 1695 Illorum
469 1611 604 1703 servm
619 1609 844 1717 intepescere
862 1614 995 1717 coepit.

237 1815 419 1919 Serpenti
438 1814 533 1900 huic
555 1816 695 1895 indies
714 1821 818 1895 malo
838 1815 997 1899 solliciti
1015 1809 1150 1920 vtique

180 1916 325 2025 piscopi
341 1921 524 2029 repagula
542 1921 789 2002 obiecerunt:
816 1918 881 1999 sed
900 1922 1151 2003 adsuetudine

180 2046 232 2098 am
251 2025 446 2105 occultans
465 2025 609 2105 vitium
627 2026 767 2106 cunila
783 2021 993 2131 perfregit,
1020 2047 1060 2103 et
1075 2049 1152 2102 tor·

180 2150 246 2206 ens
270 2126 447 2228 abufimm
466 2127 594 2207 omnia
621 2128 749 2210 secum
775 2128 955 2231 abripuit.
986 2127 1153 2211 ·‚Nasce·

180 2245 268 2343 tatur
294 2227 430 2309 seusun
464 2230 762 2311 canonicatuum
791 2229 976 2319 ambitio.
1014 2230 1153 2338 quibus

180 2330 309 2413 luerlis
325 2331 403 2413 asli
417 2332 550 2412 studiis
560 2330 854 2424 insidiabantur3
882 2334 951 2416 alii
966 2336 1154 2414 videlicet

180 2437 211 2511 tl
224 2435 490 2517 consolandam
512 2458 800 2539 paupertatem,
827 2439 918 2533 alii,
954 2461 998 2519 vt
1016 2440 1150 2518 iucun-

180 2534 262 2634 lius,
286 2540 376 2635 alii,
405 2562 452 2618 vt
477 2538 804 2644 magnificentius,
831 2539 1152 2650 etsuperbiusvi-

183 2662 294 2724 urent
308 2644 433 2724 vitam
450 2641 529 2733 solo
551 2646 707 2749 quidem
732 2646 889 2727 nomine
916 2647 1154 2727 canonicam·

189 2840 246 2935 128⁶!
258 2849 309 2921 hic
322 2861 464 2921 metetur
481 2853 567 2916 Vnt
584 2848 703 2916 Esrart
721 2851 778 2919 loc.
802 2858 855 2924 cit·
874 2875 939 2942 cup.
954 2849 1023 2920 III.

531 3069 572 3176 s.
623 3072 787 3152 cxcvi
896 3139 903 3148 .

192 3270 289 3381 Aque
297 3306 464 3398 tempore
480 3281 611 3383 diuisto
626 3283 891 3363 canonicorum
907 3283 1159 3390 sanguimen,

432 3410 470 3470 et
487 3386 683 3494 seculares
710 3387 881 3466 involuit.

254 3612 285 3689 0
330 3609 341 3627 ’
384 3608 523 3687 ahaec
546 3603 588 3684 in
603 3600 800 3709 pessimam
823 3594 1020 3680 conuersro
1037 3619 1158 3681 tanto

191 3721 260 3800 stre
288 3741 367 3795 ram
392 3730 473 3792 tum
498 3710 559 3787 dis
579 3708 718 3795 licuit,
752 3728 798 3783 vt
819 3707 865 3781 de
885 3704 1082 3818 abolendis
1099 3731 1158 3783 ca·

192 3816 336 3914 noricis,
362 3838 403 3896 et
418 3736 617 3916 montellis
637 3810 784 3920 vbique
804 3805 1037 3887 sufficiendis
1054 3807 1159 3913 cogi-

191 3916 286 4002 latum
325 3920 429 4004 esset.
512 3917 704 3996 Adtamen
735 3912 900 4021 rigidius
933 3910 1158 4012 quibusdam

189 4020 362 4106 confilium
382 4027 458 4104 hoc
475 4022 690 4101 videbatur.
743 4021 878 4120 Quare
896 4013 974 4094 iter
992 4013 1161 4090 medium

188 4118 329 4211 llestnm
357 4130 430 4219 est,
463 4151 514 4204 ne
539 4124 728 4203 bonorum
751 4117 960 4198 adfluentia
986 4116 1161 4204 imbelles

187 4229 315 4316 animos
326 4233 553 4323 fascinaret,
574 4222 823 4331 paupertatis
832 4244 922 4302 voto
939 4222 1160 4301 cruebatur:

186 4344 243 4431 quo
257 4337 339 4419 viri
360 4330 615 4441 religiosiores
634 4325 825 4420 deuinsli,
852 4348 892 4407 et
914 4351 1047 4409 rerum
1076 4351 1163 4429 pro·

183 4437 344 4547 luetati,
370 4439 617 4551 dominioque
642 4432 913 4623 {enuntiantes
937 4429 1071 4618 uitams
1080 4452 1162 4511 run.

693 4559 718 4649 5
1067 4554 1111 4615 us
