2784 5167
199 815 278 914 608
304 823 727 900 [varennvnertrram
745 803 1156 911 EchBsusrrcatr,

526 998 582 1103 ss
617 971 913 1076 mcccxxxn.

202 1185 338 1269 Cultus
355 1181 835 1388 tamenbeatiaveltstanJHIia
846 1182 1060 1313 impensae³
1076 1182 1203 1266 DEO

594 1315 670 1396 gra
689 1314 770 1365 use
804 1345 813 1365 .

292 1432 482 1549 Quamuis
500 1469 593 1551 ergo
614 1445 664 1522 de
694 1440 890 1523 sanciitate
915 1442 1115 1540 alicuius,
1143 1440 1202 1522 cui

205 1572 294 1648 ova
337 1574 450 1629 rnna
486 1546 530 1624 vi
559 1545 708 1627 decreti
736 1545 1036 1640 canonizationis
1072 1547 1201 1625 cultus

205 1651 354 1830 gublici
379 1654 546 1731 honores
565 1648 744 1730 exhiberi
762 1669 928 1752 queant,
952 1644 1124 1729 absolute
1136 1650 1204 1725 du·

233 1754 316 1830 ium
341 1754 417 1834 effe
443 1751 584 1857 poffit,
611 1756 690 1833 imo
721 1756 762 1831 e't
788 1748 931 1829 subeffe
956 1747 1119 1840 salsuma
1159 1749 1204 1827 id

208 1874 338 1934 tamen
363 1885 438 1936 non
461 1858 645 1961 impedit,
673 1857 766 1957 quin
783 1854 914 1932 culture
931 1853 993 1931 illi
1009 1850 1203 1958 impensus

205 1960 298 2035 Deo
304 1958 362 2055 fit
373 1979 531 2062 gratus.
558 1982 598 2039 er
624 1980 760 2057 preces
780 1958 825 2033 ad
845 1982 933 2035 eum
951 1952 1204 2053 susaesrutiu

205 2058 274 2137 suo
297 2087 374 2138 non
396 2082 564 2142 careant.
620 2065 716 2139 Cum
743 2058 846 2138 enim
861 2061 956 2155 ille,
991 2062 1062 2165 qui
1086 2059 1199 2153 colit,

206 2182 247 2239 et
273 2159 450 2250 inuocat,
485 2168 694 2270 prudenter
719 2163 851 2242 credat
877 2163 986 2244 hunc
1010 2161 1085 2243 effe
1103 2164 1200 2240 San·

206 2287 358 2357 crvm,
384 2291 503 2373 atque
519 2292 572 2347 ex
590 2264 749 2362 illafide
768 2265 973 2383 impendat
996 2265 1056 2343 illi
1083 2267 1194 2343 hono·

207 2389 310 2462 rem,
340 2394 453 2471 quem
473 2375 588 2449 Deve
621 2368 755 2450 i'anffis
780 2366 857 2446 sum
886 2368 1063 2473 impendi
1082 2367 1193 2457 vult,

206 2467 302 2561 fides
322 2473 390 2551 illa
410 2499 585 2554 errorem
605 2491 763 2579 purgat,
791 2469 872 2552 siue
899 2471 1018 2563 facit,
1047 2496 1089 2553 nt
1108 2474 1192 2547 Deo

205 2595 340 2675 gratus
366 2574 431 2670 sut,
465 2578 560 2659 licet
589 2602 756 2661 reuera,
789 2576 861 2678 qui
902 2578 1067 2660 colitur,
1092 2572 1189 2649 San·

211 2700 315 2783 ceys
346 2705 421 2756 non
447 2678 514 2769 srt;
541 2682 632 2759 Deo
655 2679 838 2757 nimirum
865 2674 975 2757 fidem
996 2675 1061 2753 seu
1084 2672 1181 2774 pium

162 2788 164 2793 ’
202 2777 322 2856 animi
339 2783 529 2862 aerenum
540 2803 817 2860 remunerante.
873 2776 1176 2887 Quemadmodum

209 2883 479 2989 contingeret,
506 2885 534 2964 fi
566 2888 650 2986 quis
679 2887 858 2962 adoraret
886 2886 1039 2964 hostiam
1060 2879 1103 2959 ab
1136 2904 1177 2957 eo

93 3064 100 3071 ,
207 2983 486 3075 consecratam,
514 2992 579 3089 qui
599 2990 839 3092 publice‚'et
868 2986 1184 3094 abemnibus'ha·

202 3085 565 3190 bereturiacerdos‚
588 3115 627 3174 et
649 3114 777 3173 tamen
790 3115 834 3169 re
851 3091 937 3195 ipi'a
956 3118 1034 3171 non
1050 3090 1140 3173 esset

197 3236 359 3320 Persidem
381 3243 483 3327 Cdrtyir‘
499 3249 591 3311 omnia
607 3244 753 3334 purgari,
773 3257 801 3307 et
823 3243 899 3323 clio,
922 3247 1004 3331 qnod
1026 3249 1177 3315 neritum·

280 3328 478 3409 destinationis
494 3331 609 3407 deficiat
618 3374 629 3405 ‚
647 3354 701 3395 uon
717 3348 804 3393 tanen
820 3328 943 3408 deficere
959 3330 1071 3409 fidem,
1091 3326 1176 3396 solide

283 3412 434 3477 obsernat
456 3413 556 3497 glossa
570 3415 599 3495 §.
617 3415 771 3501 praeced.
795 3411 847 3483 cir.
889 3413 1055 3481 Fatentur
1072 3426 1184 3480 omnes.

282 3494 485 3576 grauissimam
503 3498 582 3563 stare
606 3498 829 3565 auetoritatem
856 3517 902 3562 ex
931 3495 1185 3564 canonizationis

281 3580 478 3645 solennitate
494 3590 559 3666 pro'
570 3582 735 3648 sanititate
756 3570 964 3649 canonizati,
988 3594 1026 3646 et
1048 3600 1066 3644 a
1093 3596 1184 3645 teme·

282 3664 384 3727 ritatis
402 3676 479 3728 nota
497 3684 565 3730 non
591 3664 689 3730 facile
710 3661 774 3728 esse
795 3663 1056 3737 absoluendum‚
1077 3648 1184 3749 quide

211 3754 244 3825 ‘t
281 3764 321 3808 ea
338 3747 509 3819 dubitaret.
560 3752 757 3813 Venonrvs
782 3762 818 3812 et
844 3748 1108 3812 Mvnaronrvs
1130 3747 1183 3807 soc.

194 3830 215 3913 ξ’,
277 3845 359 3893 mox
376 3836 427 3902 cit.
446 3832 613 3896 Facetam
634 3832 664 3896 in
681 3849 822 3897 comment.
843 3830 882 3894 ari
897 3855 961 3918 cup.
983 3848 1032 3911 52.
1050 3832 1083 3895 de
1099 3827 1180 3905 mliii.

278 3916 444 3984 recensitis
468 3917 600 3982 aliorum
625 3918 821 4001 argumentis
847 3913 1006 3980 adhatret
1027 3916 1071 3982 D.
1095 3914 1181 3977 ‘sno

194 4018 218 4058 1-
278 4021 382 4073 rrae,
403 4002 459 4086 qui
474 4003 536 4071 ait,
554 4001 603 4087 pit
617 3997 839 4083 credendumeffe
851 4000 880 4064 in
896 3998 954 4063 stoc
972 3999 1089 4081 negotio
1103 3996 1174 4061 eccle·

275 4086 346 4167 fiam
362 4109 415 4149 non
431 4083 508 4170 posse
521 4104 637 4155 errare,
659 4103 729 4151 non
753 4098 861 4149 tamen
888 4085 1083 4148 sententiam
1105 4095 1171 4143 con·

283 4176 409 4235 trariam
430 4166 642 4235 damnandam
671 4165 760 4241 esse,
782 4186 815 4230 ur
838 4166 1033 4232 haereticum:
1055 4182 1116 4229 cum
1138 4168 1174 4223 et

275 4255 501 4319 Curarruvs
525 4249 719 4320 doatnmus
745 4250 920 4334 theologus
949 4251 980 4316 ei
1007 4250 1177 4318 adhaereat.

274 4338 424 4405 Nostram
445 4357 576 4423 quoque
604 4336 796 4399 sententiam
811 4332 1022 4417 amplectitur
1043 4333 1178 4399 Conan-

274 4445 415 4498 rrvvras
432 4427 462 4491 in
471 4423 536 4508 suis
552 4420 666 4508 resoluat.
681 4441 745 4508 rap.
766 4437 812 4494 ιο,
823 4439 924 4584 Bago
923 4436 933 4476 ι
940 4437 970 4496 3.

926 4497 1141 4585 CXXXIII.
